1490 2588
163 196 210 228 24
645 191 940 228 HANNIBAL.

161 297 397 346 aedificare3
430 312 483 337 ex
506 296 667 336 duabus
688 294 822 336 causis
842 294 977 335 allatis
998 309 1094 345 una,
1128 296 1286 350 opinor,
1310 312 1408 339 vera

160 389 237 429 est,
271 381 400 421 altera
430 380 527 421 ficta
557 380 609 420 ad
640 379 796 420 crimen
825 379 939 420 istud
962 379 1222 435 Campanum
1251 395 1406 423 accom-

159 465 339 513 modate,
363 464 485 506 sicuti
500 463 604 504 solet
625 463 871 518 figmentum
893 479 1024 504 unum
1043 464 1220 505 alterum
1241 479 1404 520 parere;

159 558 199 590 et
222 549 382 590 facilius
412 547 656 590 crediderim
678 548 886 601 equidem,
916 547 1056 602 aliqua
1077 563 1130 590 ex
1152 555 1269 604 parte
1289 564 1406 591 secu—

157 644 247 675 tum
279 648 366 674 esse
396 631 640 673 Hannibalis
669 631 904 686 exemplum
948 631 1162 681 Fulvium,
1199 648 1326 687 quam
1347 633 1404 675 vi-

156 726 278 759 tasse.
339 718 465 758 Adde
495 717 606 771 quod
629 731 701 770 per
731 715 909 756 hiemem
937 719 1058 757 istam
1086 722 1247 771 partem
1268 717 1405 772 copia-

156 818 248 842 rum
269 801 413 842 castris
443 800 615 841 munitis
645 806 740 840 ante
772 799 1003 841 Casilinum
1034 799 1252 841 obsidendi
1280 815 1404 842 causa

155 886 349 927 habebat.
410 883 469 924 Et
490 882 711 924 verisimile
733 888 796 923 est,
825 882 926 924 alios
956 890 1083 937 atque
1103 883 1205 925 alios
1226 883 1402 926 subinde

155 969 412 1009 ohsidionem
426 968 547 1008 istam
561 966 769 1020 excepisse
782 973 825 1006 et.
844 966 948 1006 nulli
963 966 1069 1020 parti
1085 968 1304 1017 exercitus,
1322 967 1401 1008 nisi

153 1052 260 1091 forte
282 1050 507 1105 equitibuS,
533 1049 654 1103 plane
668 1049 914 1090 desidiosam
937 1049 1114 1090 hiemem
1133 1065 1221 1091 esse
1235 1065 1401 1092 conces-

154 1153 255 1185 sam,
279 1151 414 1189 neque
435 1134 477 1175 in
498 1142 616 1176 tanta
636 1134 849 1175 vicinitate
882 1133 983 1189 (tria
1003 1134 1131 1175 millia
1151 1150 1346 1190 passuum
1376 1154 1399 1179 a

155 1222 300 1275 Capua
320 1221 463 1260 aberat
484 1218 739 1272 Casilinum)
771 1217 939 1259 eosdem
971 1233 1134 1272 semper
1154 1220 1399 1274 asperitates

151 1319 293 1345 omnes
313 1303 460 1344 hiemis
481 1311 524 1343 et
554 1301 652 1343 belli
687 1301 1016 1356 pei-toleravisse,
1041 1302 1204 1344 eosdem
1237 1318 1398 1359 semper

149 1389 191 1429 in
213 1387 536 1429 amoenitatibus
559 1386 726 1441 Capuae
749 1401 835 1426 esse
858 1392 1054 1427 versatos.
1087 1385 1242 1441 Neque
1257 1386 1393 1436 aliter,

149 1474 307 1528 opinor,
340 1473 488 1514 seditio
518 1487 542 1512 a
572 1470 716 1512 castris
747 1478 911 1525 poterat
950 1472 1106 1512 abesse.
1167 1472 1283 1512 Inter
1312 1472 1395 1513 vir-

147 1566 260 1598 tutes
281 1564 421 1597 autem
442 1555 725 1610 imperatorias
750 1554 998 1596 Hannibalis
1030 1555 1261 1609 singulares
1291 1556 1394 1597 nihil

147 1640 443 1691 admirabilius,
477 1655 603 1694 quam
633 1640 842 1693 quomodo
873 1639 1102 1680 exereitum
1134 1640 1316 1681 mixtum
1339 1655 1392 1681 ex

146 1724 380 1766 colluvione
420 1723 605 1765 omnium
646 1723 835 1778 gentium
870 1723 930 1764 ita
963 1724 1318 1778 coagmentaverit
1350 1732 1392 1765 et

147 1808 263 1862 quasi
285 1808 589 1863 homogeneum
603 1807 645 1847 in
666 1822 814 1862 corpus
835 1807 1091 1857 conflaverit,
1116 1807 1230 1848 nulla
1251 1815 1300 1848 ut
1320 1823 1392 1863 per

145 1891 352 1932 sexdecim
373 1906 502 1932 annos
523 1906 600 1933 nee
628 1891 737 1933 inter
767 1891 877 1946 ipsos
907 1907 981 1933 nec
1012 1892 1211 1933 adversus
1241 1893 1391 1934 ducem

145 1976 355 2016 exstiterit
377 1976 539 2017 seditio.
602 1976 699 2028 Qua
716 1976 884 2030 quidem
904 1983 994 2017 arte
1010 1991 1237 2030 numquam
1259 1975 1390 2030 magis

146 2059 390 2109 Hannibali,
427 2075 550 2114 quam
584 2075 714 2114 quum
735 2059 914 2101 hiemem
934 2059 1058 2101 istam
1089 2064 1200 2102 inter
1222 2059 1388 2114 Capuae

142 2143 412 2184 amoenitates
434 2151 477 2185 et
496 2144 740 2199 asperitates
761 2144 987 2185 obsidionis
1009 2143 1278 2186 Casilinensis
1298 2144 1387 2184 exi-

142 2234 273 2282 geret,
297 2242 400 2282 opus
430 2228 521 2268 fuit.
583 2228 737 2270 Nonne
768 2244 867 2284 ergo
899 2244 947 2270 eo
978 2229 1125 2270 recidit
1153 2242 1280 2281 grave
1310 2209 1386 2269 cri-

140 2325 235 2351 men
276 2311 354 2352 hoc
395 2311 670 2366 Campanum,
722 2320 771 2353 ut.
820 2312 974 2353 milites
1017 2311 1263 2353 Hannibalis
1311 2326 1385 2366 per

141 2393 250 2435 vices
271 2394 338 2435 alii
369 2401 494 2449 atque
525 2396 592 2436 alii
625 2412 735 2438 nunc
765 2397 806 2437 in
838 2397 981 2438 castris
1012 2403 1108 2438 ante
1140 2395 1382 2445 Casilinum,
