1490 2588
546 156 842 195 HANNIBAL.
1279 158 1295 191 1
1307 158 1321 191 1

81 265 203 307 unius
225 278 381 305 moram
404 261 750 316 interponendam
771 275 870 302 esse.
931 260 997 300 At
1018 273 1101 299 non
1123 258 1324 313 sequitur,

81 348 206 389 etiam
227 346 420 388 debuisse
443 345 726 387 Hannibalem
759 343 1016 385 Maharbalis
1041 344 1328 398 obtemperare

80 431 262 474 consilio.
321 430 430 471 Nam
450 444 583 485 neque
597 429 681 470 ulla
700 427 911 470 festinatio
928 427 1139 482 equitatus
1160 432 1326 482 poterat

79 515 249 557 nuntios
281 515 486 556 adventus
528 513 630 554 alios
669 512 771 553 alios
806 511 1060 566 excipientes
1092 510 1160 551 vel
1200 525 1328 565 equos

81 599 256 640 subinde
291 604 504 639 mutantes
535 597 721 652 praeire3
753 603 796 637 et
816 595 920 636 nihil
950 595 1071 651 plane
1092 595 1144 636 ad
1167 594 1329 636 Urbem

81 682 402 738 expugnandam
438 681 598 723 efficere
630 680 865 735 potuissent
902 679 1090 734 equites3
1136 679 1329 734 pedestre

80 773 221 808 autem
240 781 390 822 agmen
402 766 556 806 frustra
572 764 779 820 praesidio
801 771 927 818 atque
948 764 1104 805 auxilio
1126 764 1328 805 nudatum

80 851 239 892 fuisset.
299 850 363 891 Ne
383 850 488 891 illud
519 849 687 904 quidem
719 849 920 903 sequitur,
959 848 1196 890 volentibus
1230 849 1329 904 ipsis

82 935 292 989 equitibus
322 933 511 975 futurum
532 933 659 975 fuisse
680 933 858 988 praedae
887 940 1049 988 partem
1071 949 1185 974 suam
1208 934 1330 975 omit-

81 1024 181 1058 tere.
242 1016 301 1058 Et
320 1016 495 1058 fortasse
515 1016 610 1072 plus
639 1017 915 1072 promittebat
941 1016 1170 1066 Maharbal,
1205 1034 1328 1072 quam

81 1100 286 1156 potuisset
306 1107 525 1156 praestare.
570 1101 700 1142 Adde
722 1101 836 1156 quod
856 1101 1083 1156 plurimum
1106 1102 1148 1143 in
1170 1103 1329 1157 proelio

83 1184 296 1240 equitatus
337 1199 461 1239 opera
495 1199 596 1225 usus
636 1191 725 1226 erat
758 1184 986 1234 Hannibal,
1029 1193 1071 1226 et
1105 1187 1218 1241 quod
1258 1202 1330 1227 ne-

83 1283 197 1309 cesse
226 1274 290 1310 est
319 1268 508 1310 confecto
538 1268 695 1323 proelio
727 1283 855 1323 equos
886 1269 997 1310 viros
1027 1270 1149 1324 plane
1181 1270 1327 1312 defati-

83 1359 204 1408 gatos
224 1352 362 1393 fuisse.
423 1352 692 1408 Quapropter
712 1353 932 1395 verisimile
954 1361 1031 1403 est,
1065 1354 1098 1395 si
1119 1355 1330 1409 equitibus

85 1436 169 1478 suis
212 1436 458 1491 imperasset
499 1435 719 1478 Maharbal
748 1452 843 1477 oum
873 1437 1165 1480 anhelantibus
1196 1440 1327 1494 equiS,

84 1519 201 1561 nullo
221 1520 449 1575 respirandi
470 1520 602 1576 spatio
616 1528 795 1577 sumpto,
820 1522 1038 1564 confestim
1053 1523 1133 1565 iter
1154 1523 1330 1565 Romam

86 1603 272 1659 adgredi,
289 1604 412 1659 plane
427 1605 657 1646 abnuentes
678 1605 917 1647 habiturum
933 1606 1074 1649 fuisse.
1119 1608 1330 1659 Profecto,

88 1702 140 1729 ex
160 1687 247 1729 acie
267 1694 315 1729 ut
335 1688 525 1743 protinus
553 1689 732 1731 Romam
752 1691 924 1733 duceret
945 1691 1172 1742 Hannibal,
1197 1693 1329 1742 dictu,

89 1786 213 1825 quam
227 1771 352 1822 factu,
375 1772 534 1814 facilior
548 1788 610 1814 res
633 1781 735 1815 erat.
796 1774 938 1817 Facile
958 1782 1097 1817 autem
1115 1791 1234 1817 ouras
1254 1777 1332 1817 im-

88 1856 313 1910 peratorias
334 1863 499 1911 gerunt,
517 1857 590 1912 qui
605 1873 689 1899 non
710 1860 1101 1914 suntimperatores.
1151 1860 1332 1902 Nullum

89 1938 305 1994 negotium
338 1939 392 1993 (si
412 1941 536 1982 modo
550 1942 655 1983 serio
685 1942 822 1984 animo
846 1944 1067 1999 suadebat)
1099 1945 1332 1986 Maharbali

90 2021 324 2071 videbatur,
356 2022 497 2064 statim
521 2031 570 2065 ut
600 2025 760 2079 equites
790 2034 1028 2082 pergerent,
1060 2037 1333 2083 sequerentur

88 2103 263 2158 pedites.
323 2105 387 2145 At
417 2105 695 2147 Hannibalem
723 2107 767 2148 in
797 2109 976 2150 maxima
1011 2110 1185 2152 victoria
1214 2120 1332 2166 parta

91 2195 229 2229 tamen
254 2189 477 2244 multiplex
507 2204 606 2231 cura
638 2192 868 2248 occupavit.
929 2193 990 2235 Et
1010 2194 1142 2249 prima
1161 2195 1198 2237 ei
1218 2211 1328 2246 cura,

91 2270 249 2325 opinor,
272 2280 360 2314 erat
381 2274 527 2315 sauciis
558 2290 678 2330 opem
704 2276 824 2317 ferre.
884 2277 1046 2321 Deinde
1078 2287 1211 2321 castra
1245 2279 1332 2322 Ro-

91 2369 212 2396 mana
239 2355 337 2398 bina
366 2358 607 2400 obsidenda.
678 2359 824 2416 Captis
851 2368 991 2405 autem
1013 2363 1076 2406 his
1107 2365 1331 2407 accedebat
