1490 2588
556 159 831 196 LIVIANAE.
1270 161 1318 197 37

59 268 111 305 sio
131 267 224 316 quid
243 280 337 316 opus
355 266 433 303 illis
461 268 635 316 quantum
654 264 744 301 satis
763 264 880 301 visum
899 265 950 299 est
965 263 984 297 .9
1038 261 1199 307 Deinde,
1228 275 1319 311 quo-

59 334 171 371 modo
190 337 335 371 certum
353 332 523 369 militum
540 343 741 368 numerum
760 329 878 367 tradit
896 327 1040 373 Livius}
1070 328 1115 364 de
1134 329 1320 366 centurio-

59 412 164 444 num,
187 400 232 436 de
251 399 493 436 tribunorum
511 409 667 434 numero
686 395 816 433 tacet?
856 396 1029 432 Fortasse
1046 408 1054 430 :
1076 393 1223 440 milites,
1247 407 1321 432 cor-

60 465 210 509 nicine&
231 467 405 514 quantum
424 463 515 499 satis
534 462 648 499 visum
663 464 725 498 est.
768 461 823 498 Cf.
845 459 864 510 ξ
883 464 932 506 3.,
954 459 1099 508 “jubet
1120 488 1128 496 .
1150 488 1159 497 .
1183 488 1190 495 .
1212 473 1322 497 cornu

61 531 213 579 signum
241 531 329 566 dare
345 529 381 575 ;’'
413 533 451 566 et
479 526 498 576 S
530 531 578 573 6.,
613 526 846 564 “cornicines
880 554 887 561 .
915 555 922 562 .
947 554 954 561 .
986 537 1119 562 canere
1142 525 1319 574 jubent.'’

61 597 220 634 Necnon
240 596 392 633 Sallust.
418 595 503 643 Juq.
526 596 584 629 93.
604 596 638 629 8.

121 687 230 730 Ibid.
265 686 283 738 ξ
313 687 349 727 3.
384 692 411 711 “
429 701 519 727 eam
550 691 713 739 portam
745 682 866 725 scalis
895 685 1010 739 prius
1040 691 1323 741 transgressos

62 757 142 799 ad*
165 761 357 798 murum*
381 755 582 812 pergere*
606 763 649 797 et
670 770 722 796 ex
743 754 939 797 interiore
953 763 1071 811 parte
1090 755 1132 798 vi
1146 756 1326 799 claustra

64 828 296 884 refringere
311 827 479 882 jubet.'⁷

116 914 141 938 ⁹5·
169 912 258 950 Cod.
280 913 365 949 Put.
386 923 553 948 (cucurum
565 909 702 958 perire.
748 910 853 947 Fort.
874 923 950 947 eam
958 914 1109 959 portam
1131 941 1138 949 .
1164 942 1171 949 .
1196 942 1202 948 .
1226 925 1323 950 arer-

65 991 141 1016 sam
161 978 326 1026 aperirffl
354 980 398 1014 ut
417 976 610 1025 exegetica
629 976 705 1013 sint
724 975 793 1013 illa
811 979 845 1013 et
864 989 905 1014 ex
925 977 1099 1015 interiore
1111 981 1287 1026 parte—.

124 1069 235 1111 Ibid.
263 1069 474 1110 continuo.
508 1075 536 1094 ‘⁶
554 1075 596 1110 et
626 1075 818 1111 tenentes
848 1069 1038 1124 partem*
1064 1070 1178 1111 urbis
1199 1085 1328 1112 cornu

67 1142 235 1197 signum
257 1140 388 1181 dare.''

120 1222 145 1245 ff·
172 1221 295 1258 Immo
308 1222 486 1268 portam:
507 1218 553 1255 of.
578 1217 597 1268 ξ
619 1222 667 1264 6.,
693 1223 714 1240 “
727 1220 932 1269 Postquam
940 1225 1092 1269 portam
1107 1224 1326 1268 tenuerunt,

68 1286 277 1324 cornicines
295 1314 303 1322 .
326 1314 333 1321 .
355 1313 363 1322 .
384 1297 515 1321 canere
530 1283 706 1333 jubent.’'

126 1403 183 1408 —-
204 1378 271 1421 47.
303 1381 342 1419 5.
379 1382 549 1430 “quam
580 1376 633 1418 ob
663 1391 820 1417 noxam
856 1376 1157 1428 Romanorum,
1190 1379 1330 1433 quod*

70 1455 144 1490 aut
166 1447 362 1488 meritum
385 1446 623 1488 Poenorum
648 1479 655 1486 .
684 1477 693 1487 .
718 1477 726 1487 .
745 1446 792 1488 ?’'

124 1528 149 1553 ἦ
175 1528 337 1565 Videtur
356 1527 536 1563 iteratum
550 1539 757 1575 pronomen
771 1538 819 1563 ex
834 1527 955 1575 spatio
967 1526 1203 1565 interlineari
1215 1529 1331 1566 alien-

72 1606 173 1631 orem
192 1593 233 1630 in
251 1593 376 1630 locum
398 1605 477 1629 esse
494 1594 701 1641 receptum.
757 1592 856 1630 Vide
875 1593 922 1629 ad
940 1607 979 1630 x.
1002 1595 1063 1632 47.
1087 1597 1121 1630 6.

127 1710 185 1716 —
206 1687 273 1728 49.
296 1688 335 1726 5.
369 1690 398 1709 “
419 1683 592 1739 Syphax
622 1698 718 1725 cum
748 1684 891 1739 paucis
917 1683 1129 1739 equitibus
1150 1685 1192 1726 in
1210 1685 1331 1727 Mau·

72 1756 205 1798 rusios
226 1771 277 1797 ex
299 1755 385 1797 acie
407 1754 644 1796 Numidas*
669 1757 683 1805 (
710 1785 720 1795 .
746 1785 754 1795 .
778 1788 785 1795 .
811 1759 826 1807 )
848 1755 1047 1811 refugit.''

126 1841 151 1864 ⁷¹⁵
179 1841 251 1877 Pro
270 1839 456 1877 Numidas
483 1839 689 1888 legendum
716 1843 841 1877 censet
871 1840 1049 1888 Sigonius
1077 1841 1232 1889 quidem
1251 1841 1332 1878 Nu-

74 1906 195 1948 midis,
215 1905 397 1942 nimirum
415 1905 463 1941 ad
482 1904 660 1954 equitibus
678 1906 854 1943 referens.
911 1906 985 1943 Sed
1003 1919 1072 1943 nec
1091 1906 1144 1943 sic
1172 1906 1333 1944 distrahi

73 1974 198 2020 posset
217 1973 256 2007 et
274 1970 437 2007 otiosum
455 1973 551 2007 esset
565 1969 752 2007 Numidis.
809 1971 905 2007 Cum
920 1971 1147 2020 quibusnam
1161 1972 1235 2009 nisi
1247 1985 1333 2010 cum

73 2036 253 2074 Numidis
272 2035 396 2084 fugiat
413 2048 482 2072 rex
503 2035 786 2073 Numidarum?
838 2036 987 2074 Deinde
1007 2037 1108 2086 quod
1127 2038 1228 2075 delet
1246 2039 1332 2075 Mu-

73 2105 179 2140 retus
196 2101 392 2146 Numidas,
424 2103 481 2138 est
507 2100 610 2137 istud
638 2101 793 2150 quidem
821 2102 929 2150 quasi
950 2102 1076 2151 gladio
1095 2103 1248 2141 caedere
1267 2117 1332 2141 no-

52 2214 55 2217 ,
73 2168 177 2214 dum,
207 2180 285 2204 non
312 2167 466 2204 solvere.
521 2166 710 2215 Equidem
729 2167 770 2203 in
788 2166 969 2205 Mmzz‘das
988 2181 1186 2217 agnoscere
1204 2169 1335 2207 videor

73 2232 166 2270 nud9
186 2233 292 2270 a'mis
313 2233 356 2282 (s.
378 2239 459 2272 αῖ3;
479 2245 515 2268 v.
536 2232 650 2268 Drak.
672 2232 719 2269 ad
744 2232 768 2269 i.
799 2236 861 2270 45.
884 2234 952 2283 3.),
979 2234 1106 2271 nudus
1130 2234 1266 2281 armis;
1293 2235 1333 2272 id

74 2299 176 2348 quod
193 2301 323 2348 postea
342 2300 380 2334 et
398 2297 508 2334 alteri
525 2297 606 2345 regi
626 2297 882 2335 Numidarum
900 2299 1038 2345 evenit,
1060 2304 1105 2337 ut
1123 2304 1329 2348 cogeretur,

75 2376 149 2412 quo
167 2364 379 2414 expeditior
397 2364 557 2413 fugeret,
580 2376 683 2400 arma
702 2363 873 2413 abjicere.
922 2365 1073 2403 Sallust.
1093 2365 1180 2414 Juy.
1199 2368 1259 2403 88.
1280 2369 1329 2411 3.,

690 2441 712 2465 E
