1490 2588
144 169 192 203 56
560 166 980 204 EMENDATIONES

197 295 254 300 —
275 271 341 312 61.
364 274 402 313 8.
436 275 461 294 “
479 269 639 312 Vocari
670 271 917 313 Aristonem
946 270 1110 320 debere,
1139 277 1184 313 et
1210 270 1394 326 quaerF,

142 340 244 397 quid
266 340 482 382 venisset.''

193 453 216 475 ιε
244 438 342 476 Vide
361 438 408 476 ad
426 437 492 475 vii.
516 441 577 475 33.
600 441 660 475 16.

195 545 324 571 xxxv.
348 530 414 573 19.
439 532 477 571 4.
503 535 530 555 “
545 536 636 571 toto
653 530 753 571 orbe
769 536 973 572 terrarum
990 544 1194 585 quaerens
1209 530 1396 586 aliquos*

140 600 344 642 Romanis
364 600 550 642 hostes.''

189 701 214 725 ’ὅ
241 699 400 738 Mallem
419 699 511 737 alios
530 701 638 749 atque
658 699 749 737 alios
766 713 778 736 :
808 699 894 737 vide
914 700 960 737 ad
978 700 1084 738 xxiv.
1107 703 1169 739 20.
1190 704 1223 739 9.

191 832 249 837 ——
269 811 337 849 51.
361 809 401 848 4.
437 806 638 862 “palatos
659 807 812 862 passim
833 807 1070 863 adgressuS,
1105 811 1202 850 eos*
1231 808 1396 858 cecidit,

136 876 188 918 ad
210 877 521 933 quinquaginta
542 877 661 919 vivos
682 878 828 933 cepit.''

189 976 214 999 ’³⁵
240 975 426 1012 Mendum
441 988 519 1013 esse
531 975 570 1012 in
584 975 804 1024 pronomine
818 979 856 1013 et
866 988 1066 1013 numerum
1077 976 1195 1013 latere
1206 988 1398 1013 caesorum

136 1041 286 1078 censuit
322 1041 487 1078 Crevier.
543 1042 624 1089 Ego
661 1025 721 1078 ἆέ
751 1041 928 1091 (ceteros)
965 1042 1205 1079 scribendum
1241 1054 1395 1088 censeo;

135 1120 272 1156 nempe
294 1109 444 1156 praeter
469 1107 749 1157 quinquaginta
771 1107 861 1144 istos
890 1107 998 1144 vivos
1023 1110 1162 1156 captos.
1216 1108 1328 1154 Nam,
1349 1108 1398 1145 ad

133 1173 328 1210 inversum
347 1173 517 1210 ordinem
536 1173 637 1221 quod
656 1172 804 1218 attinet,
825 1172 924 1209 nihil
943 1173 1052 1210 Livio
1070 1172 1272 1211 usitatius:
1305 1177 1350 1210 ut
1367 1173 1393 1210 i.

138 1242 172 1276 1.
196 1241 244 1285 1.,
267 1242 301 1276 8.
325 1241 370 1285 2.,
393 1238 433 1276 ii.
455 1241 489 1276 2.
511 1242 558 1285 9.‚
584 1241 644 1275 11.
664 1241 711 1283 3.,
733 1238 790 1275 iii.
815 1241 874 1275 14.
897 1241 946 1284 6.,
968 1238 1020 1275 iv.
1045 1241 1104 1275 10.
1127 1242 1178 1284 4.,
1203 1241 1264 1275 60.
1285 1243 1334 1284 4.,
1356 1241 1395 1276 et

134 1303 287 1353 passim.
341 1304 428 1342 Jam
455 1317 543 1341 vero
573 1304 675 1353 quod
704 1303 875 1353 sequitur
909 1303 1125 1353 “perpauci
1154 1303 1394 1354 effuywuntss'

134 1370 182 1408 cf.
203 1371 265 1408 27.
289 1373 337 1417 8.,
372 1374 396 1391 “
411 1370 526 1407 Ferro
544 1370 770 1419 flammaque
789 1370 909 1407 omma
927 1371 1122 1408 absumta:
1137 1371 1322 1419 perpauci
1339 1374 1393 1408 ta-

135 1449 213 1473 mem
235 1466 242 1473 .
262 1466 270 1475 .
293 1464 302 1473 .
315 1436 600 1486 perfuyerunt.''
658 1436 734 1473 Ubi
760 1436 913 1474 videtur
941 1440 1119 1474 neutrum
1144 1436 1247 1474 istud
1274 1437 1396 1474 omnia

134 1502 250 1539 etiam
268 1502 522 1539 masculinum
541 1502 763 1551 complecti:
795 1502 841 1539 cf.
863 1502 957 1539 xxii.
979 1504 1040 1541 27.
1061 1506 1110 1548 9.‚
1133 1503 1241 1540 xxiv.
1263 1506 1323 1540 38.
1345 1507 1391 1549 7.,

135 1572 196 1605 45.
220 1571 270 1613 6.,
302 1567 412 1605 xxm&
434 1571 495 1606 40.
519 1571 577 1605 14.

193 1669 334 1711 xxxvi.
369 1671 407 1710 3.
449 1672 511 1710 10.
547 1676 716 1724 “quum
751 1668 915 1724 legatis,
951 1667 1074 1710 toties
1106 1668 1394 1723 repetentibus

133 1755 212 1790 res,
236 1743 338 1782 nec*
360 1739 480 1782 reddi
499 1753 578 1782 nec
598 1739 789 1781 satisfieri
809 1754 990 1794 aequum
1009 1739 1307 1781 censuissent.'’

932 1809 942 1823 ἱ

184 1840 209 1864 ⁹⁵
238 1839 407 1877 Sublatis
436 1837 746 1876 distinctionibus
776 1838 1018 1887 jungendum
1049 1850 1205 1875 censeo:
1245 1851 1302 1876 res
1333 1851 1394 1876 nee

131 1905 244 1943 reddi
265 1917 327 1943 neo
351 1903 538 1953 satisfieri.
592 1904 693 1942 Nam
712 1904 813 1953 quod
832 1903 885 1941 sic
904 1903 1027 1941 videri
1045 1905 1171 1953 potest
1186 1903 1290 1953 prior
1307 1917 1393 1953 par·
1466 1900 1467 1903 ¹

132 1971 251 2009 ticula
268 1983 330 2008 neo
349 1969 457 2019 quasi
474 1983 552 2007 non
570 1983 637 2007 suo
656 1982 735 2007 esse
753 1970 834 2007 loco
852 1969 976 2019 posita
996 1969 1145 2018 (mallet
1163 1969 1249 2019 quis
1262 1982 1324 2007 nec
1336 1982 1393 2007 res
1466 2019 1467 2022 Ἰ

132 2036 269 2085 reddi),
295 2035 383 2073 Vide
401 2048 470 2072 nos
489 2036 535 2073 ad
555 2035 632 2073 Cic.
655 2035 736 2074 Cat.
757 2036 815 2073 M.
836 2038 871 2073 3.
896 2038 930 2073 7.
951 2048 989 2074 n.
1010 2038 1073 2073 20.
1130 2034 1187 2072 Cf.
1207 2035 1261 2072 ix.
1283 2038 1317 2073 9.
1338 2039 1388 2081 9.‚

132 2115 171 2139 x.
196 2104 253 2138 19.
278 2104 350 2147 15„
379 2101 490 2138 xxxi.
513 2104 574 2138 45.
600 2104 659 2138 13.

188 2232 244 2237 --
264 2210 306 2248 5.
327 2208 366 2248 6.
399 2212 425 2232 “
445 2207 611 2263 integra
631 2206 710 2249 sibi
730 2206 870 2249 omnia
889 2207 1003 2263 apud
1035 2206 1269 2250 exercitus*
1303 2206 1392 2248 Ro·
1464 2263 1466 2266 Ι

132 2291 277 2319 manos
298 2277 472 2319 essent.’‘

185 2376 212 2401 ’ὃ
237 2376 414 2414 Fortasse
431 2376 653 2415 extrinsecus
672 2377 773 2425 apud
789 2376 983 2414 Romanos.
