1490 2588
186 141 235 174 24
600 135 1023 175 EMENDATIONES

240 267 297 273 —
319 245 385 283 24.
414 245 475 282 11.
512 246 540 266 “
558 254 689 294 quum
717 239 826 281 tela*
856 248 900 282 et
929 247 1110 283 armatos
1137 246 1281 285 tenere
1305 256 1443 285 arcem

185 311 463 367 multiplicato
484 325 658 352 numero
679 310 913 352 audirent-,⁹⁹

231 412 255 434 ⁷¹⁵
274 411 361 447 Non
387 422 447 447 me
475 409 575 457 fugit
602 422 709 458 posse
734 409 935 446 lectionem
953 409 1065 446 istam
1082 409 1227 458 figurae
1245 409 1442 459 eujusdam

178 475 364 524 praesidio
383 478 507 512 tutam
526 487 616 512 esse.
662 475 924 512 Nihilominus
943 475 1084 524 legenti
1102 475 1143 512 in
1156 476 1322 513 mentem
1336 475 1443 514 venit

178 542 277 578 ultro
297 541 524 590 conjectura,
545 553 654 590 quum
675 540 746 578 late
765 543 922 578 armatos
943 543 968 577 t.
986 553 1016 578 a.
1038 539 1282 589 multiplicato
1295 553 1442 579 numero

178 607 360 644 audirent.

233 737 289 742 —
311 711 378 754 37.
406 713 441 751 1.
465 715 490 734 “
507 709 786 752 vastationem
799 724 980 765 namque
1003 743 1010 750 .
1036 741 1046 751 .
1071 742 1081 751 .
1097 709 1241 765 jacens
1262 724 1334 752 ora
1349 724 1442 752 sen-

177 790 300 831 serat,
325 781 647 836 eonciveratque
667 780 982 837 indignatione*
1008 815 1014 821 .
1042 812 1052 822 .
1077 812 1086 822 .
1126 780 1330 823 Umbriae
1350 781 1442 822 fini-

176 853 318 895 tima.’'

229 954 253 977 ⁹⁶-
272 951 381 990 Ferri
407 964 515 1000 posse
542 951 662 988 fateor
688 950 970 988 nominativum
998 964 1046 988 ex
1069 949 1222 999 obliquo
1242 949 1438 986 adsumen-

177 1019 281 1056 dum.
333 1017 492 1055 Mallem
510 1018 638 1054 tamen
658 1016 864 1065 e'nclzfflzate'o
884 1016 968 1065 ejus.

233 1136 288 1142 —
309 1134 365 1140 ——
387 1111 428 1150 2.
460 1113 490 1133 “
508 1106 678 1162 Itaque,
711 1110 920 1162 quantus*
954 1121 1039 1148 non
1070 1120 1271 1161 umquam
1297 1111 1435 1155 antea,

176 1179 385 1222 exereitus
406 1178 459 1221 ad
484 1178 675 1222 Sutrium
696 1178 854 1220 venit-'³

225 1279 250 1302 ‘²⁵
269 1278 401 1327 anue
432 1279 556 1314 tantus
585 1277 699 1314 Oodd.
729 1279 817 1313 tres.
864 1276 967 1313 Bene
988 1274 1103 1324 jungi
1124 1274 1250 1323 potest
1274 1275 1436 1322 utraque

170 1345 302 1382 lectio:
352 1347 486 1391 temtus,
510 1347 665 1394 quantus
684 1356 755 1380 non
772 1355 942 1392 ‘tunquam
962 1344 1068 1379 antea
1083 1340 1273 1379 exereitus.
1327 1340 1385 1378 Of.
1406 1339 1433 1376 i.

178 1416 240 1450 46,
263 1415 308 1458 1.,
330 1425 366 1449 v.
386 1414 447 1448 20.
472 1414 503 1448 1.
558 1410 643 1448 Etsi
668 1410 804 1448 omisso
827 1408 1121 1447 demonstrativo
1140 1407 1241 1445 infra
1260 1410 1321 1446 39.
1343 1410 1379 1445 5.
1397 1409 1434 1444 et

174 1492 210 1517 x.
232 1482 293 1516 38.
317 1481 349 1516 1.

233 1584 273 1610 x.
302 1571 368 1609 10.
396 1571 458 1610 12.
484 1574 512 1594 “
531 1567 693 1609 Romae
714 1573 916 1609 terrorem
937 1564 1131 1621 praebuit
1149 1564 1260 1606 fama
1280 1562 1435 1606 Gallici

178 1640 393 1682 tumultus
415 1639 467 1681 ad
488 1639 648 1681 bellum
669 1636 1121 1692 Etruscumadjeeti*.'’

222 1739 247 1763 ἦ
273 1738 377 1775 Fort.
408 1737 559 1786 adjecta,
590 1736 712 1786 qualis
742 1735 850 1785 quasi
880 1734 1085 1784 hypallage
1117 1731 1298 1782 adjectivi
1325 1731 1428 1780 apud

175 1804 330 1842 Livium
347 1803 525 1853 frequens
541 1805 621 1840 est:
643 1802 718 1839 vid.
741 1800 920 1839 Scheller.
949 1799 1049 1837 Obss.
1075 1811 1113 1848 p.
1134 1801 1236 1843 249„
1258 1809 1335 1845 seq.

228 1921 283 1926 —
309 1899 371 1937 18.
397 1899 436 1936 5.
458 1894 698 1937 “Ceterum
725 1892 859 1949 magis
878 1907 926 1934 eo
951 1891 1186 1948 profectum
1211 1893 1287 1938 est,
1319 1886 1432 1942 quod

170 1971 334 2007 mature
356 1971 532 2007 ventum
549 1972 651 2015 erat,
673 1997 682 2006 .
701 1996 709 2005 .
732 1967 910 2019 ,quam*
933 1962 1073 2018 quod*
1096 1961 1228 2003 ductu
1248 1957 1430 2000 consulis

171 2035 404 2090 quidquam
427 2068 434 2077 .
456 2068 466 2077 .
491 2066 501 2077 .
523 2042 694 2092 gestum
716 2035 809 2077 sit.”

221 2133 246 2157 ⁹⁵
265 2144 479 2181 quamquam
498 2133 692 2179 Haverk.;
712 2144 867 2183 qzmmq;
889 2130 1018 2168 Lovel.
1040 2132 1074 2166 3.
1104 2128 1210 2165 Fort.
1223 2138 1328 2176 quam
1347 2138 1426 2175 quo.

172 2198 228 2236 Cf.
249 2197 333 2235 Ter.
353 2198 430 2235 Ad.
450 2197 490 2235 ii.
511 2201 545 2235 4.
574 2201 623 2244 6.,
646 2198 722 2236 Cio.
747 2199 790 2235 cle
817 2197 908 2235 Fen.
933 2195 974 2234 ii.
998 2198 1031 2233 3.
1055 2197 1102 2239 8.,
1129 2193 1230 2231 Caes.
1251 2191 1292 2228 de
1310 2192 1358 2228 B.
1380 2190 1426 2230 G.

169 2264 218 2300 iv.
241 2266 275 2300 2.
301 2265 348 2308 1.,
366 2262 486 2301 Tacit.
509 2263 613 2301 Hc'st.
634 2264 690 2302 iii.
720 2265 780 2304 72.
