1490 2588
147 154 191 187 14
625 145 917 183 HANNIBAL.

146 253 372 309 exceptus!
433 251 603 306 Quippe
633 250 746 292 aliud
777 256 865 291 erat
893 249 937 290 in
957 262 1101 303 campo
1122 247 1278 303 patenti
1308 246 1385 287 im-

146 339 271 380 misso
302 335 493 391 equitatu
523 333 710 389 legiones
741 333 948 374 Romanas
977 330 1229 387 proculcare,
1271 329 1383 371 aliud

146 421 406 463 munimenta
435 418 592 460 Romae
623 431 886 472 expugnare3
916 430 1022 470 quae
1053 414 1222 469 quidem
1242 420 1386 469 postea

144 509 367 560 conspecta
387 501 599 543 Hannibal
618 515 670 542 ne
692 500 892 542 tentanda
911 499 1081 554 quidem
1101 497 1279 553 putavit.

202 588 402 631 Ceterum
423 585 537 634 satis,
561 592 607 626 ut
627 583 787 639 opinor,
810 582 878 625 vel
898 597 981 624 non
1012 581 1195 623 monitus
1223 579 1385 622 Hanni-

144 671 213 726 bal
246 670 416 712 tenebat
450 668 568 710 ducis
601 682 689 709 esse
723 682 808 708 non
839 666 963 707 modo
999 665 1177 715 vincere,
1215 664 1287 706 sed
1321 663 1386 705 uti

144 755 269 796 etiam
290 753 486 803 victoria;
517 752 603 801 sed,
630 766 713 806 qua
732 750 891 792 ratione
920 756 1129 805 oporteret
1148 748 1212 790 uti
1233 763 1294 798 ea,
1316 761 1387 803 pe-

146 854 219 880 nes
240 839 376 893 ipsum
391 836 599 892 judicium
615 842 716 877 erat.
763 834 906 888 Quid?
931 848 1067 875 nonne
1077 834 1166 887 jam
1181 838 1277 874 ante
1292 837 1388 886 post

146 921 376 969 victoriam,
400 934 505 974 quae
525 919 577 960 ad
599 918 795 960 Trebiam
815 917 969 959 flumen
989 917 1125 958 fuerat
1140 922 1270 971 parta,
1295 913 1387 955 Pla-

146 1004 339 1053 centiam,
380 1018 464 1057 quo
503 1002 647 1044 consul
688 1001 898 1043 Romanus
932 1000 1170 1055 perfugerat
1210 999 1388 1050 (saniore

141 1087 316 1142 judicio,
360 1101 484 1142 quam
518 1084 759 1126 Hasdrubal
789 1084 918 1125 frater
952 1090 1108 1139 postea,
1146 1083 1281 1137 usus),
1315 1098 1389 1124 no-

147 1173 281 1213 luerat
297 1184 540 1226 oppugnare
556 1169 577 1210 ⁴?
613 1167 763 1210 Nonne
783 1174 879 1224 post
900 1167 1015 1209 illam
1028 1168 1081 1209 ad
1096 1167 1388 1208 Trasimenum

149 1271 332 1311 pugnam
368 1254 584 1309 Spoletum
619 1267 860 1308 oppugnare
894 1252 1065 1293 adortus
1104 1266 1255 1306 magna
1293 1265 1388 1292 cum

150 1340 275 1380 caede
296 1353 465 1379 suorum
485 1338 621 1378 fuerat
641 1336 832 1391 repulsus
845 1336 866 1377 ’.Ρ
925 1335 998 1376 Sin
1019 1334 1097 1376 sibi
1118 1334 1388 1390 persuasisset

154 1422 381 1472 Hannibal,
410 1436 531 1477 posse
562 1435 603 1462 se
629 1420 681 1462 ad
706 1419 958 1461 munitiones
985 1418 1285 1474 expugnandas
1321 1432 1387 1460 co·

150 1508 312 1562 piarum
343 1520 509 1547 suarum
538 1505 646 1546 bona
673 1518 796 1559 opera
820 1503 897 1552 uti,
921 1517 1060 1544 nonne
1090 1502 1225 1544 multo
1255 1501 1390 1559 magis

153 1591 324 1633 obvium
345 1596 388 1631 et
413 1595 509 1630 ante
538 1588 663 1643 pedes
693 1594 781 1629 erat
812 1587 1043 1630 Canusium
1075 1594 1118 1629 et
1142 1586 1388 1636 Venusiam,

154 1688 238 1728 quo
259 1671 456 1727 reliquiae
485 1670 695 1713 exercitus
719 1670 900 1712 Romani
925 1670 1207 1726 perfugerant,
1231 1685 1393 1726 oppug-

155 1757 291 1799 nare?
351 1756 424 1805 Et,
457 1755 490 1796 si
523 1770 574 1796 ex
605 1754 722 1809 copia
752 1769 891 1796 rerum
923 1761 966 1796 et
990 1754 1151 1809 judicio
1183 1769 1257 1796 suo
1291 1769 1392 1796 usus

156 1841 318 1898 (ecquis
338 1847 481 1896 postea
502 1838 639 1894 potuit
659 1838 814 1880 rectius
837 1838 1072 1893 judicareP)
1100 1838 1392 1880 abstinendum

156 1928 208 1968 ab
248 1925 410 1980 oppidis
449 1923 619 1965 munitis
659 1922 723 1963 his
762 1922 941 1977 putavit,
983 1937 1066 1977 qua
1107 1922 1277 1964 tandem
1321 1937 1393 1977 spe

156 2016 318 2065 poterat
338 2009 390 2050 de
413 2008 544 2049 Roma
563 2006 745 2062 cogitare
759 2006 780 2047 P

213 2093 273 2134 Et
299 2098 410 2133 recte
436 2091 478 2131 in
503 2090 582 2131 hoc
611 2089 781 2144 quidem
810 2088 979 2131 crimine
1009 2089 1211 2130 absolvit*
1235 2087 1398 2129 Hanni-

225 2220 243 2237 *
269 2216 410 2246 Absolvit
426 2224 505 2244 nunc
521 2215 611 2244 etiam
628 2215 797 2252 Imperator
812 2213 994 2243 Francorum
1011 2213 1042 2242 in
1064 2213 1135 2242 Vita
1154 2213 1306 2243 Caesaris.
1330 2212 1393 2242 Ac-

158 2274 236 2303 cedit
252 2274 281 2302 iu
298 2274 354 2302 hac
370 2272 488 2310 quidem
506 2275 589 2308 parte
605 2270 805 2300 accusationis
819 2270 954 2298 defensor
965 2268 1147 2299 Hannibalis
1161 2267 1262 2298 Julius
1275 2268 1390 2307 Braun,

160 2329 351 2359 Historische
370 2327 608 2366 Landsclwsten,
627 2326 742 2364 Stuttg.
763 2326 853 2355 1867.
872 2334 900 2363 p.
919 2326 989 2354 304.
