1490 2588
142 186 187 219 18
554 186 972 225 EMENDATIONES

139 288 235 325 Plin.
265 288 407 337 Epi-stt.
426 289 492 327 vii.
522 294 555 327 6.
588 294 636 337 9.,
669 294 729 329 20.
760 296 808 339 4.,
839 292 942 330 Curt.
963 291 1014 328 iv.
1044 295 1079 330 5.
1101 295 1161 329 22.
1212 291 1396 343 ,Unquam

139 367 227 392 vero
247 368 312 403 pro
328 355 476 392 domino
496 356 615 405 ipsius
634 358 680 394 ab
700 357 774 395 alio
793 358 956 407 positam
978 370 1056 395 esse
1074 358 1178 395 haud
1196 371 1283 396 sane
1302 357 1400 396 mihi

144 424 377 469 compertum
406 425 473 458 est.
531 423 604 459 Sed
623 426 661 461 et
679 424 802 461 facilis
829 436 896 473 per
917 436 955 460 se
979 423 1212 473 metonymia
1229 426 1286 462 est
1304 426 1342 462 et
1359 423 1402 461 in

143 493 268 523 nostro
288 487 367 524 loco
386 491 540 537 propter
558 489 700 539 domenii
718 489 1022 539 conjunctionem
1040 489 1232 526 facillima.

202 573 310 615 Ibit.
346 580 368 597 “
386 578 538 628 quam*
572 575 775 618 irritando
797 576 1081 633 agitandoque
1101 575 1145 617 in
1165 589 1235 617 eas
1254 574 1401 631 impel-

142 645 248 686 leret
269 659 404 695 voees,
427 648 629 701 quae—.''

196 731 220 753 ‘³²
238 730 361 767 Immo
382 743 494 779 quem,
517 731 661 780 opinor.

201 846 257 852 —
279 822 345 863 61.
370 825 407 862 8.
427 828 450 847 ‘⁴
469 823 522 864 ab
544 838 593 865 eo
613 822 767 864 milites
787 837 862 878 per
881 822 1020 865 locum
1040 821 1219 863 arduum
1239 819 1401 876 accepti

146 891 360 947 cepere*.”
423 887 429 891 ¹

198 978 222 1001 55
241 977 279 1014 N
282 989 329 1013 on
347 989 477 1026 cepere
493 991 501 1014 :
534 978 598 1014 sed
621 978 753 1027 paucis
771 977 971 1015 trucidatis
990 979 1131 1014 eeteros
1150 975 1275 1013 subito
1293 977 1399 1012 metu

147 1043 192 1079 ad
213 1042 443 1079 deditionem
461 1047 625 1091 eoEgere.
672 1044 796 1092 Aegre
815 1046 942 1081 autem
961 1042 1096 1079 milites
1114 1044 1238 1091 potest
1255 1040 1399 1089 signifi-

144 1108 290 1145 catione
306 1108 434 1157 aliqua
452 1109 600 1146 numeri
615 1122 748 1147 carere.
788 1108 964 1158 Denique
981 1107 1139 1156 indigna
1157 1106 1267 1144 Livio
1282 1105 1400 1143 oratio

145 1179 201 1211 est
221 1174 360 1222 accepte?
376 1187 506 1222 cepere.
563 1175 637 1212 Sed
654 1187 721 1223 pro
741 1187 860 1223 cepere
876 1187 973 1211 unus
992 1186 1128 1221 capere.
1183 1171 1399 1210 scribamus

146 1253 232 1288 ergo
253 1241 388 1287 accepta·
404 1240 530 1288 pauci.
587 1240 644 1278 Cf.
665 1240 719 1278 ix.
742 1244 802 1279 24.
828 1244 875 1286 5.,
905 1243 929 1260 “
946 1240 1059 1276 decem
1076 1237 1217 1276 milites
1236 1238 1399 1275 delectos

145 1318 270 1342 secum
289 1318 356 1354 per
375 1305 492 1342 ardua
506 1318 548 1342 ae
566 1318 681 1355 prope
698 1306 803 1343 invia
821 1305 863 1343 in
882 1317 1005 1344 arcem
1023 1303 1168 1342 ducit.'’

201 1421 243 1445 v.
265 1407 337 1447 51.
365 1406 403 1445 2.
433 1404 567 1448 “Nee
602 1420 715 1448 nune
746 1409 854 1457 me*,
881 1439 890 1447 .
915 1438 922 1447 .
945 1436 956 1447 .
977 1419 1071 1448 mea
1100 1404 1297 1448 voluntas
1320 1434 1330 1445 .
1353 1434 1363 1445 .
1387 1434 1398 1445 .

145 1475 367 1531 perpulit.'’

195 1561 219 1584 55
239 1559 396 1597 Mallem
414 1572 492 1596 mea
509 1572 562 1596 me
579 1559 757 1598 voluntas.
814 1560 872 1598 Of.
894 1560 970 1598 Cio.
984 1573 1029 1609 p.
1048 1560 1094 1597 L.
1115 1558 1255 1596 Μ’(ιηίῖ.
1288 1562 1320 1596 1.
1345 1561 1378 1596 1.

199 1682 256 1687 —-
275 1682 332 1687 —
352 1656 394 1694 5.
416 1651 680 1694 “invenietis
709 1652 848 1694 omnia
873 1655 1097 1708 prospere*
1126 1650 1314 1693 evenisse
1337 1665 1399 1692 se-

145 1723 373 1778 quentibus
395 1722 525 1772 Deos,
551 1722 725 1764 adversa
747 1722 1080 1779 spernentibus.'’

196 1809 220 1832 55
248 1807 380 1845 Potius
402 1819 595 1856 prospera,
627 1806 788 1856 opinor:
821 1807 869 1845 cf.
891 1807 1046 1846 Sallust.
1086 1807 1128 1846 C.
1157 1809 1217 1843 52.
1246 1808 1322 1851 29„
1357 1804 1395 1842 J.

147 1877 203 1911 63.
225 1877 257 1910 1.

201 1994 256 1999 -
269 1967 339 2005 54.
359 1967 396 2004 3.
421 1963 535 2006 “etsi
548 1964 686 2006 minus
699 1964 902 2019 injuriae*
918 1966 1122 2013 vestrae*,
1141 1977 1268 2018 quam
1283 1976 1400 2004 meae

145 2034 393 2078 calamitatis
413 2034 650 2077 meminisse
663 2035 827 2090 juvat.”

196 2129 220 2151 5·
238 2126 379 2164 Melius
398 2127 524 2164 sensui
536 2127 708 2165 consulas
722 2127 774 2165 sie
789 2141 797 2165 :
822 2127 892 2164 etsi
904 2127 1036 2173 minus,
1053 2126 1094 2163 in
1110 2124 1252 2175 injuria
1265 2126 1396 2169 vestra,

145 2192 364 2230 calamitatis
383 2205 477 2229 meae
495 2193 694 2230 meminisse
701 2194 813 2243 juvat
828 2208 842 2236 ,·
869 2193 895 2229 i.
916 2206 948 2231 e.
967 2192 1009 2229 in
1026 2191 1178 2241 injuria,
1198 2202 1265 2227 vos
1283 2201 1399 2239 quam

143 2258 238 2294 mihi
258 2257 510 2305 imposuisti&
541 2270 660 2306 quum
686 2258 841 2308 injuria,
872 2270 988 2307 quam
1013 2269 1146 2306 passus
1172 2268 1268 2301 sum,
1299 2254 1349 2292 sit
1377 2267 1399 2292 a

143 2323 249 2360 vobis
276 2322 455 2371 profecta.
508 2323 565 2360 De
583 2336 710 2373 praep.
730 2324 859 2361 Hand.
879 2323 934 2360 iii.
955 2325 1043 2360 258.
1068 2325 1128 2361 15.
1161 2321 1223 2359 Ad
1249 2319 1398 2357 calami-

147 2389 235 2425 tatis
255 2390 380 2425 autem
396 2400 533 2426 nomen
553 2388 690 2428 adhibe
708 2389 782 2428 Cic.
797 2389 838 2427 de
849 2389 943 2438 Rep.
962 2388 988 2428 i.
1008 2391 1044 2426 3.
1064 2392 1112 2434 4.,
1135 2391 1159 2410 “
1174 2385 1401 2425 calamitates
