1490 2588
505 174 779 212 LIVIANAE.
1219 178 1266 210 35

10 279 80 316 hoc
97 278 178 316 loco
198 277 424 316 versiculum
444 279 582 316 veteris
601 279 737 316 codicis
756 278 1011 316 intercidisse:
1040 291 1117 316 oum
1142 279 1268 329 quibus

10 345 91 395 reqi
112 345 264 394 populis
290 345 423 394 ρεηέίό.
453 344 565 393 reqib.
589 345 764 393 placeret.
813 345 864 382 Et
882 345 1063 382 credibile
1084 348 1139 382 est
1158 345 1269 394 plene

9 411 135 448 verbis
154 414 375 460 conceptum
393 411 525 448 foedus
541 411 668 448 fuisse.

67 544 125 549 ——-
144 521 211 559 34.
234 521 276 559 5.
298 523 322 541 “
338 516 436 558 satis
452 516 540 570 jam
563 516 689 558 semel
711 516 854 566 felix*‚
877 516 1140 558 mendacium
1162 524 1270 558 stru-

97 587 115 604 9³

13 602 93 630 ere.

63 673 88 696 ⁷¹⁶
107 671 278 720 fallaciis
288 671 387 720 felix
401 672 419 707 .9
438 670 604 720 feliciter
613 669 741 719 fallax
755 672 775 706 .9

67 763 181 805 xxiv.
206 763 244 802 1.
268 765 308 803 2.
341 769 369 788 “
385 761 564 804 Interim
591 762 820 804 Locrenses
844 762 1105 805 frumentum
1137 763 1270 818 ligna-

10 850 92 890 que
117 865 126 875 .
151 868 158 875 .
182 848 234 875 ex
255 833 366 889 agris
387 833 430 874 in
451 834 598 875 urbem
619 849 777 889 rapere,
811 833 964 875 etiam*
987 849 1040 876 ne
1072 834 1176 888 quid
1207 849 1271 876 re-

9 906 158 949 lictum
177 905 354 961 praedae
375 904 566 946 hostibus
588 905 734 946 esset.''

63 1019 88 1043 ἧς
116 1018 270 1056 Lacuna
297 1015 509 1054 versicuii‘?
538 1017 577 1054 in
609 1016 730 1054 urbem
760 1029 888 1065 rapere
917 1014 975 1068 [et
1002 1016 1083 1065 igni
1107 1029 1270 1053 corrum-

12 1082 120 1135 pere]
141 1084 262 1130 etiam,
293 1096 398 1120 ne—.

67 1216 125 1221 —
143 1193 186 1232 5.
210 1189 359 1230 11-13.
393 1194 417 1212 “
434 1188 652 1231 Postremo
677 1219 686 1229 .
711 1219 720 1228 .
746 1220 755 1229 .
777 1187 933 1229 avertit
953 1187 1005 1228 ab
1032 1186 1206 1228 consciis
1228 1187 1271 1228 in

12 1260 200 1302 insontes
220 1260 422 1302 indicium
456 1261 473 1315 (
498 1292 505 1299 .
529 1292 537 1299 .
562 1293 569 1300 .
593 1261 609 1313 )
635 1260 685 1301 ab
706 1259 838 1300 latere
859 1258 1069 1314 tyranni*,
1093 1273 1272 1312 quorum

13 1331 151 1387 capita
170 1331 396 1373 vilissima*
419 1330 596 1387 fingenti
612 1331 723 1373 inter
739 1330 903 1372 dolores
919 1329 1186 1385 gemitusque
1203 1331 1272 1371 ob-

11 1403 212 1445 currere.''

65 1501 90 1525 ³³·
118 1500 444 1549 Distinguendum
462 1499 589 1548 potius
605 1512 756 1536 censeo:
779 1499 914 1536 avertit
932 1528 939 1535 .
964 1528 971 1535 .
990 1499 1030 1535 iu
1045 1498 1200 1534 insontes
1214 1499 1271 1535 ‘in-

13 1566 149 1604 dicium
178 1566 222 1617 (.
246 1595 253 1602 .
278 1596 286 1603 .
310 1566 337 1615 )‚
369 1565 411 1602 ab
443 1565 553 1602 latere
584 1565 738 1614 tyranni
764 1578 913 1615 quorum
942 1564 1067 1612 capita
1096 1563 1273 1601 ϊῖῖιῖςειίηα

4 1632 168 1682 finqenti
179 1661 187 1670 .
205 1659 213 1668 .
227 1631 427 1677 obeurffire,
445 1634 489 1669 ut
502 1631 755 1680 postpositum
771 1631 820 1668 sit
834 1631 1055 1668 relativum:
1075 1630 1119 1667 cf.
1133 1630 1272 1668 xxxiii.

14 1701 75 1735 29.
99 1701 148 1743 2.,
169 1697 334 1735 xxxviii.
358 1700 418 1734 38.
442 1700 489 1743 8.,
511 1697 593 1734 xlii.
618 1700 677 1734 11.
700 1701 749 1742 2.,
775 1700 833 1734 19.
857 1701 902 1742 3.,
925 1697 1004 1733 xiv.
1032 1699 1091 1733 13.
1114 1699 1185 1742 16„
1212 1699 1270 1734 18.

15 1767 64 1809 2.,
95 1766 155 1801 24.
178 1767 213 1801 6.
267 1764 425 1801 Mallem
443 1763 557 1801 etiam
577 1764 629 1801 sic
648 1764 876 1801 rescribere:
909 1776 998 1812 quae
1027 1763 1152 1811 capita
1179 1762 1272 1799 vilia·

6 1830 191 1879 facillime
207 1830 370 1880 finqenti
390 1859 398 1866 .
432 1860 438 1867 .
460 1829 647 1867 obem-reve
666 1846 678 1876 ;
704 1829 768 1866 vel
786 1829 879 1865 vilia
897 1841 1046 1874 summa,
1076 1829 1113 1865 h.
1136 1842 1166 1865 e.
1189 1832 1272 1865 tum

14 1895 118 1939 vilia,
146 1898 231 1932 tum
258 1908 425 1942 summa;
455 1895 549 1933 vilia
574 1895 661 1941 alia,
689 1895 765 1932 alia
783 1907 941 1939 summa,
971 1893 1011 1931 id
1030 1895 1131 1943 quod
1149 1895 1273 1944 majus

13 1961 208 2010 aliquanto
226 1960 430 1998 verisimile
447 1961 609 2007 videtur,
641 1974 718 1998 non
745 1961 841 1998 viles
868 1972 996 1997 omnes
1019 1960 1182 1997 indicem
1208 1961 1273 1997 sed

15 2027 95 2064 sine
124 2027 274 2064 delectu
304 2027 448 2064 nobiles
479 2027 664 2075 ignobiles
696 2026 920 2072 nominasse,
954 2029 999 2063 ut
1035 2026 1194 2075 quisque
1230 2026 1271 2063 in

13 2095 178 2130 mentem
196 2092 358 2141 fingenti
377 2092 477 2130 inter
495 2093 639 2130 dolores
658 2093 898 2141 gemitusque
917 2091 1076 2129 veniret.

67 2231 124 2237 —
146 2210 185 2248 8.
213 2206 247 2248 7.
283 2211 309 2231 “
327 2206 527 2248 adversus
549 2212 733 2249 veterem
754 2219 802 2248 ac
823 2213 1071 2262 perpetuum
1093 2206 1269 2261 impera—

13 2283 147 2319 torem
167 2278 536 2333 comparabitur*.”

64 2372 88 2396 ÷÷
116 2384 262 2420 compar
281 2370 432 2409 dabitur
446 2373 465 2407 .?
