1490 2588
169 163 217 197 22
588 157 1006 196 EMENDATIONES

375 263 397 280 7,

165 264 369 310 ditionem;
435 262 503 300 ubi
539 275 608 311 pro
646 263 787 300 domim·
810 277 830 301 e
858 263 963 300 codd.
993 263 1139 301 duobus
1165 262 1424 313 recipiendum

166 330 350 367 dominum
370 342 513 374 censeo,
543 329 568 366 i.
589 341 621 366 e.
642 329 878 367 dominorum.

222 451 278 455 —
299 424 337 461 3.
365 424 398 461 1.
433 426 456 444 “
475 420 740 474 Querentes*
754 420 888 477 magis
901 435 1028 476 quam
1043 419 1329 463 consultantes
1340 435 1425 463 nox

166 491 412 547 oppressit.”

216 577 241 600 ‘³⁶
260 576 315 613 At
331 575 458 625 pergit
475 575 609 613 Livius
627 589 704 614 non
721 576 842 626 magis
861 576 1182 626 querimoniarum
1201 588 1317 625 quam
1337 587 1424 613 con-

167 641 339 678 siliorum
374 642 512 679 habere
548 642 743 679 rationem.
800 643 994 680 Omittunt
1025 645 1152 680 autem
1183 654 1292 692 quam
1319 640 1425 680 codd.

170 708 255 744 duo.
306 708 412 745 Fort.
438 708 629 751 Quor-entes
661 721 771 758 quum
799 709 954 746 maoeime
984 712 1019 746 et
1040 707 1291 746 consultantes.
1337 706 1425 745 Vid.

169 773 298 810 Hand.
317 774 399 811 III.
423 776 509 811 599.
531 777 593 810 20.

228 864 339 906 Ibid.
375 871 402 891 “
420 869 527 919 qua*
550 864 649 907 ferri
671 879 785 906 arma
804 871 1016 920 poterunt,
1048 865 1230 907 eamus.”

222 950 247 973 ’κ’
265 950 365 986 Fort.
396 962 549 999 quaqua.

227 1066 283 1072 -
304 1067 359 1073 ——
382 1042 421 1081 2.
454 1047 477 1066 “
492 1055 619 1095 quem
640 1055 714 1096 per
734 1056 864 1083 annos
887 1041 977 1096 jam
996 1056 1125 1097 prope
1145 1040 1321 1097 triginta
1339 1038 1430 1081 vin-

172 1111 374 1153 cimus*.”

223 1198 249 1221 θ(-
268 1197 385 1234 Recte
402 1199 595 1245 receptum
614 1199 670 1234 est
686 1209 862 1245 praesens
879 1211 886 1233 ε
919 1196 964 1234 cf.
986 1210 1024 1234 x.
1049 1199 1106 1233 16.
1130 1201 1180 1242 4.,
1214 1200 1238 1216 “
1252 1208 1319 1244 per
1338 1198 1430 1244 quot

172 1276 289 1300 annos
310 1292 316 1299 .
340 1292 349 1300 .
371 1263 638 1301 dimicent—P

231 1381 287 1387 —-
307 1356 345 1395 4.
370 1355 434 1396 10.
467 1361 573 1396 “me
595 1354 663 1397 vel
683 1354 890 1396 devovere
913 1385 922 1395 .
949 1385 958 1394 .
983 1385 993 1395 .
1015 1353 1083 1395 vel
1103 1353 1147 1394 in
1163 1352 1321 1395 medios
1337 1351 1431 1394 me*

173 1425 497 1467 immittere—.''

228 1526 252 1548 ἢ
283 1525 521 1572 Congruebat
550 1536 637 1560 sane
672 1523 844 1572 inceptae
882 1522 1060 1560 orationis
1097 1521 1263 1567 consfljo,
1301 1525 1347 1559 ut
1385 1521 1433 1559 ad

176 1590 290 1628 semel
324 1588 572 1638 praemissum
603 1588 861 1626 accusativum
891 1593 1096 1637 utrumque
1122 1588 1278 1625 resen-et
1305 1587 1431 1624 infini-

176 1656 311 1693 tivum.
366 1656 490 1699 Nunc,
522 1654 613 1691 dum
639 1654 766 1703 pergit
786 1653 890 1691 initii
909 1654 1062 1699 oblitus,
1093 1653 1255 1690 alterum
1272 1653 1433 1690 immisit

176 1733 391 1770 pronomen.
449 1720 505 1757 Cf.
534 1719 699 1757 xxxviii.
732 1722 794 1756 60.
830 1723 931 1765 5-6.‚
976 1720 1060 1756 “L.
1101 1719 1316 1768 Scipionem
1346 1748 1352 1755 .
1383 1748 1390 1756 .
1423 1748 1432 1756 .

177 1787 223 1824 L.
257 1785 501 1834 Sez'pz'onemfl
570 1785 681 1822 Adde
716 1798 806 1822 mox
841 1785 882 1822 in
920 1785 1030 1823 Curis
1068 1785 1144 1822 Sec.
1184 1785 1242 1822 ad.
1280 1784 1432 1822 Sallust,

178 1852 263 1901 Jecq.
285 1855 345 1889 64.

236 1969 291 1976 —-
312 1967 367 1974 -—-
393 1946 454 1984 14.
486 1941 614 1985 “Hic
642 1956 785 1984 omnes
815 1956 908 1998 spes
938 1956 1122 1998 opesque
1151 1947 1264 1992 sunt,
1300 1945 1430 1995 quas*

177 2013 380 2055 servando
409 2013 587 2068 patriam
616 2027 856 2056 servamus:
888 2013 1081 2055 dedendo
1110 2012 1164 2054 ad
1192 2026 1338 2055 necem
1361 2025 1435 2067 pa-

179 2085 301 2126 triam
323 2084 551 2126 deserimus
571 2098 619 2126 ac
638 2083 894 2140 prodimus.''

232 2182 257 2205 ἅ·
276 2181 433 2218 Mallem
452 2195 548 2231 quos.
595 2182 743 2232 Nempe
762 2184 868 2220 erant
879 2194 962 2231 spes
975 2194 1104 2219 omnes
1118 2191 1280 2230 opesque
1293 2178 1436 2218 milites

180 2246 292 2284 istius
310 2247 511 2284 exercitus.

238 2363 294 2369 —-
316 2338 356 2379 6.
385 2341 444 2379 13.
479 2344 503 2363 “
524 2338 695 2381 Habere
727 2338 937 2382 Samnites
957 2336 1173 2380 victoriam
1197 2368 1205 2377 .
1229 2369 1237 2377 .
1260 2368 1268 2377 .
1289 2350 1437 2393 perpe-
