1490 2588
562 167 755 206 LIVIAN
756 168 839 206 ΑΕ.
1275 172 1323 206 65

131 272 197 314 29.
219 273 257 313 2.
290 276 318 297 “
335 271 449 326 quod
470 272 621 315 scelere
642 273 758 328 ejus*
793 287 922 328 prope
941 278 990 315 ut
1017 271 1188 316 victima
1219 287 1325 315 mac-

72 346 185 382 tatus
207 340 386 397 Delphis
407 343 548 385 esset.'’

125 426 150 449 ’Ψ
172 425 386 462 Ferendum
405 439 535 464 censeo
553 439 770 476 pronomen,
792 427 907 464 etiam
924 439 1001 465 non
1018 426 1222 477 praemisso
1240 439 1323 476 pro-

71 490 164 540 prio.
219 491 320 529 Nam
348 492 513 541 primum
543 492 694 542 scripsit
711 492 845 530 Livius
864 505 991 530 omnes
1009 505 1115 541 reges
1134 492 1324 530 civitates-

71 569 145 606 que
162 556 311 594 intenta
329 571 419 596 cura
436 558 579 595 bellum
591 560 835 607 exspectasse.
889 558 927 596 N
928 570 1002 595 unc
1018 558 1143 607 pergit
1155 558 1324 595 nomina-

71 622 142 660 tim
159 635 265 672 reges
283 623 462 672 singulos,
494 624 678 672 quomodo
698 623 859 673 quisque
877 623 919 661 in
938 624 1073 661 Persea
1090 623 1226 667 fuisset
1245 624 1324 661 ani-

71 690 207 734 matus,
240 689 426 738 persequi.
480 689 532 726 Et
563 689 615 726 sic
646 692 825 738 occupato
855 689 979 726 animo
1010 689 1146 738 potuit,
1181 689 1323 738 opinor,

71 754 204 791 Livius
222 755 330 804 quasi
347 754 541 804 proprium
558 768 633 791 non
642 755 723 804 jam
737 755 778 792 in
790 754 916 792 vicina
928 754 1095 792 oratione
1109 755 1173 792 sed
1190 757 1303 804 utiqu

70 819 112 856 in
141 819 369 869 cogitatione
399 820 518 870 ipsius
548 821 714 870 positum
738 820 934 869 respicere.
990 820 1100 857 Adde
1123 822 1252 857 nostra
1277 821 1324 858 ad

71 885 149 923 Cic.
170 886 211 923 de
228 886 325 924 Fato
349 889 395 933 1.,
417 888 458 924 de
476 887 563 924 Fm.
583 900 619 923 v.
644 889 702 924 15.
725 889 811 932 43.;
833 886 927 924 adde
945 885 1072 935 ipsum
1090 886 1174 924 Liv.
1189 886 1242 923 ix.
1264 889 1320 922 18.

73 954 123 997 6.,
147 955 171 972 “
185 951 263 989 illis
284 981 291 989 .
314 983 319 988 .
346 982 354 990 .
374 953 536 1002 populus
556 952 787 990 Romanus.'’

127 1064 183 1070 —
203 1041 271 1080 34.
301 1042 362 1080 ll.
397 1045 426 1065 ‘⁶
444 1039 591 1095 viginti
619 1040 703 1081 duo
724 1039 931 1095 stipendia
949 1053 1087 1081 annua
1106 1039 1148 1080 in
1171 1040 1324 1082 exerci-

71 1107 145 1150 tu*
166 1109 338 1151 emerita
358 1110 533 1152 habeo.''

123 1189 148 1214 5⁶·
174 1189 319 1228 Dubito
352 1203 466 1239 quam
497 1190 645 1236 Latine,
684 1202 826 1226 morem
855 1189 1071 1226 Romanum
1101 1188 1262 1226 militiae
1293 1188 1325 1225 si

70 1258 225 1304 specteS,
253 1256 328 1293 dici
352 1256 469 1305 possit
487 1256 654 1305 aliquem
673 1256 766 1292 duos
785 1258 822 1293 et
840 1255 981 1304 viginti
1001 1268 1117 1292 annos
1136 1254 1325 1304 stipendia

70 1321 111 1358 in
130 1321 287 1360 exercitu
305 1322 447 1366 fecisse,
469 1322 576 1371 quasi
594 1322 640 1359 de
655 1321 824 1359 exercitu
838 1334 914 1358 uno
927 1327 966 1359 et
980 1323 1173 1358 constante
1188 1325 1226 1358 et
1237 1334 1323 1358 con-

70 1387 178 1424 tinuo
202 1390 240 1425 et
266 1401 474 1438 numquam
493 1387 656 1434 dimisso,
678 1388 809 1436 quales
827 1387 1031 1424 hodiernae
1049 1390 1182 1435 gentes
1201 1387 1322 1424 alunt.

71 1453 217 1499 Latine,
237 1454 378 1503 opinor,
403 1454 435 1491 si
453 1467 584 1503 operae
603 1453 769 1503 pretium
783 1456 889 1499 esset,
910 1466 1036 1502 posses
1050 1453 1173 1490 dicere
1191 1453 1231 1489 m
1251 1453 1325 1490 allo

70 1522 178 1569 atque
203 1519 275 1556 alio
304 1520 473 1557 exercitu.
527 1519 614 1556 Etsi
632 1519 704 1557 isto
722 1519 832 1556 modo
851 1521 938 1556 ante
959 1519 1130 1556 Cortium
1148 1519 1324 1568 legebant

70 1589 107 1623 et
124 1585 300 1623 nonnulli
318 1586 432 1623 etiam
449 1585 561 1623 hodie
579 1585 714 1634 legunt
732 1585 832 1634 apud
848 1585 1071 1623 Sallustium
1091 1585 1172 1624 Cat.
1191 1588 1251 1621 59.
1272 1589 1321 1630 6.,

72 1654 96 1673 “
111 1652 212 1702 quod
229 1651 391 1701 amplius
409 1664 525 1689 annos
543 1651 702 1700 triginta
722 1679 730 1687 .
753 1680 761 1689 .
784 1680 792 1688 .
813 1652 854 1689 in
872 1651 1031 1689 exercitu
1046 1650 1207 1688 fuerat-''

127 1756 182 1761 --
202 1733 269 1772 43.
296 1733 330 1771 l.
364 1736 392 1756 “
410 1729 596 1772 Marcius
629 1735 775 1772 auctor
806 1727 888 1771 fuit
912 1729 1109 1771 mittendi
1142 1729 1322 1771 Romam

70 1799 259 1856 legati*.”

122 1873 147 1896 ⁹⁵
175 1872 263 1910 Non
281 1871 415 1918 unius;
444 1885 534 1909 nam
552 1885 641 1910 mox
667 1875 692 1893 ‘⁶
708 1871 873 1921 levatis?
929 1872 1126 1909 Fortasse:
1156 1871 1323 1908 Marcius

69 1940 200 1976 auctor
219 1938 303 1987 fuit
329 1938 502 1975 mittendi
518 1938 684 1985 Romam,
716 1937 842 1987 Zeyatz's
868 1950 978 1986 quum
1004 1936 1218 1985 aperienda
1249 1950 1322 1974 om—

69 2003 136 2042 nia
155 2033 164 2042 .
188 2032 196 2040 .
220 2033 227 2041 .
248 2004 446 2042 censuisset.
502 2004 575 2042 Vel
601 2004 716 2042 etiam
742 2003 933 2053 geminato
959 2002 1122 2049 nomine,
1154 2003 1325 2041 mittendi

70 2069 223 2107 Romam
242 2069 385 2119 lavatos,
407 2069 535 2119 {effatis
553 2083 725 2120 quum—.

127 2174 183 2181 —-
203 2151 270 2190 50.
295 2149 360 2189 11.
384 2154 411 2174 ‘⁶
430 2148 649 2190 Postremo
669 2147 728 2190 ita
751 2180 758 2188 .
783 2179 790 2188 .
815 2179 823 2188 .
845 2147 1029 2202 quaeri*,
1052 2154 1102 2189 ut
1125 2179 1134 2188 .
1159 2182 1165 2187 .
1193 2179 1202 2188 .
1224 2162 1319 2190 con-

72 2218 326 2269 veniat,—-.’'
776 2228 777 2231 ’

122 2299 148 2324 '³⁵
178 2299 282 2337 Fort.
302 2298 437 2344 haberi,
459 2299 503 2337 ut
520 2297 747 2347 macrologia
764 2298 947 2347 quaedam
965 2298 1016 2336 sit
1029 2311 1096 2348 pro
1111 2297 1294 2336 convenire
1307 2313 1318 2334 :

73 2364 158 2404 vide
176 2365 223 2403 ad
241 2364 319 2403 Cic.
339 2365 379 2402 de
405 2364 470 2415 Off
489 2364 514 2402 i.
537 2367 571 2402 3.
595 2367 630 2402 8.

661 2443 683 2468 e
713 2433 735 2467 2
