1490 2588
569 182 845 221 LIVIANAE.
1291 187 1304 219 1
1317 187 1335 222 7

138 310 263 320 --
286 289 327 327 8.
354 293 381 312 “
396 301 524 342 eques
549 288 730 330 maxime
753 286 997 336 resistebat3
1029 286 1333 342 equitumque*

81 355 208 413 longe
221 357 472 400 fortissimus
485 385 542 391 —-
558 360 594 401 .’'

133 442 158 466 ff·
171 441 259 479 Sine
273 443 407 492 copula
418 444 524 481 codd.
541 444 614 481 duo
627 442 794 492 equitum.
825 442 982 479 Mallem
994 454 1134 479 eorum:
1149 441 1196 479 cf.
1212 442 1323 478 xxiii.

87 522 146 557 12.
166 523 213 567 2.,
239 524 262 541 “
275 522 440 570 equitem,
462 524 577 572 atque
597 534 716 559 eorum
734 521 903 569 ipsorum
922 521 1144 569 primores„

139 627 196 632 —
221 600 287 640 19.
320 600 355 643 7.
389 605 416 625 “
434 599 555 641 Inter
586 599 793 655 proelium
821 605 865 640 et
895 598 948 639 ad
980 605 1116 640 castra
1144 598 1338 639 Romana

84 674 319 723 pugnatum
336 676 399 710 est
411 669 611 711 adversus
625 675 786 725 partem
800 668 1013 723 copiarum
1027 669 1079 710 ab
1095 669 1336 719 Tolumnio,

83 745 133 779 ut
153 745 250 780 ante
271 738 432 781 dictum
454 747 530 790 est,
555 740 608 781 ad
629 739 791 782 eastra*
813 739 1019 780 missam.''

137 823 162 847 ἦ
180 823 283 860 Fort.
310 824 359 860 ad
376 837 527 861 averw:
554 824 602 862 cf.
626 826 686 861 18.
715 827 764 869 4.,
786 823 883 859 xxii.
915 826 975 860 24.
1006 826 1053 869 8.,
1084 824 1193 860 xxxi.
1218 827 1277 860 42.
1304 828 1337 859 ὓ.

85 889 189 926 Solet
218 892 345 926 autem
371 890 535 926 formula
561 890 629 926 illa
656 892 698 926 ut
726 891 809 925 ante
836 889 972 925 dicacem
1001 892 1053 925 est
1081 902 1233 926 sensum
1260 891 1339 938 ple-

83 967 244 1003 rumque
262 955 389 1003 potius
409 968 523 1004 quam
541 956 656 992 verba
668 954 852 1004 respicere
868 969 875 991 :
898 954 985 991 vide
1004 954 1052 991 ad
1071 953 1150 992 Cic.
1176 955 1257 993 Cat.
1280 957 1337 992 Al.

88 1022 146 1058 15.
168 1023 226 1057 53.
247 1033 283 1056 n.
308 1023 365 1058 18.

142 1145 197 1151 —-
220 1123 286 1161 32.
309 1123 348 1160 2.
375 1118 681 1174 “Fidenasque
700 1134 831 1176 prope
847 1118 1037 1174 saepius*
1056 1126 1199 1175 captas
1215 1135 1341 1175 quam

9 1185 41 1259 «ξιξ
85 1191 383 1247 obpugnatas.'’

15 1329 27 1335 ‚-
136 1286 161 1309 ⁹⁶-
180 1284 269 1321 Non
287 1283 397 1321 credo
416 1282 528 1321 toties
551 1285 678 1332 captas
700 1282 864 1320 Fidenas
883 1295 974 1320 esse.
1020 1283 1124 1320 Fort.
1144 1296 1266 1332 prope
1285 1297 1342 1320 eas

19 1337 43 1375 s
79 1351 216 1399 prius:
246 1350 293 1387 cf.
314 1351 373 1388 27.
399 1351 468 1395 11.,
494 1349 637 1397 “prius
648 1361 766 1397 paene
781 1348 882 1398 cepit
901 1350 1033 1395 castra,
1057 1361 1172 1398 quam
1199 1350 1342 1398 obpug—

86 1416 170 1453 nari
188 1416 313 1453 hostes
331 1415 420 1452 satis
438 1414 578 1452 scirent
592 1416 629 1460 ;'’
659 1427 696 1451 v.
717 1417 778 1452 31.
798 1417 846 1460 4.‚
872 1418 896 1435 “
922 1414 1016 1451 fusis
1039 1414 1213 1452 hostibus
1228 1416 1344 1463 prins

81 1494 209 1530 paene,
228 1494 343 1531 quam
356 1493 490 1518 manus
505 1483 743 1518 consererent
754 1480 791 1526 ;’'
814 1483 876 1518 38.
899 1483 945 1526 6.,
966 1480 1178 1529 “ignotum
1196 1481 1345 1519 hostem

79 1547 194 1596 prius
205 1559 322 1596 paene
341 1559 458 1596 quamv
479 1546 665 1592 viderent,
693 1575 701 1584 .
722 1575 731 1584 .
752 1575 760 1584 .
785 1546 1015 1595 fugerunt;'’
1040 1546 1134 1584 adde
1158 1546 1183 1583 i.
1213 1549 1271 1585 14.
1291 1550 1341 1592 9.,

88 1614 150 1652 37.
178 1616 225 1660 2.,
247 1612 357 1650 xxiv.
377 1616 438 1649 25.
465 1615 535 1659 10.,
566 1613 625 1651 27.
650 1615 708 1649 16.
732 1615 780 1658 2.,
809 1612 877 1649 xli.
907 1615 969 1649 23.
997 1614 1055 1650 11.
1110 1613 1186 1650 Res
1217 1616 1345 1650 autem

86 1679 170 1728 ipsa
187 1691 215 1716 c.
237 1681 298 1716 22.
319 1681 505 1716 narratur.

144 1794 201 1800 —
221 1768 288 1810 49.
317 1767 380 1807 12.
406 1771 434 1790 “
450 1771 599 1807 nactus
626 1765 738 1807 inter
757 1764 1016 1807 adversarios
1038 1766 1265 1820 superbum
1286 1766 1345 1806 in·

89 1836 286 1893 genium*
308 1836 658 1892 immodicamque
680 1835 931 1892 linguam*.''

141 1921 264 1948 4⁵—ss
282 1920 489 1958 Hominem
508 1921 663 1970 superbi
686 1919 834 1969 ingenii
858 1919 1156 1969 immodicaeque
1179 1920 1345 1968 linguae.

89 1987 178 2025 Non
197 1988 277 2023 erat
295 1999 363 2023 cur
388 1986 603 2024 Schellerus
633 1985 728 2023 Obss.
749 1999 785 2035 p.
806 1988 893 2023 298.
912 1998 980 2034 pro
1005 1985 1102 2023 inter
1120 1986 1345 2024 adversarios

89 2052 193 2090 haud
208 2052 321 2089 dubie
341 2052 381 2089 in
395 2052 601 2089 adversario
619 2052 823 2100 legendum
842 2053 1019 2089 censeret.
1062 2052 1232 2089 Profecto
1247 2052 1347 2089 nihil

90 2117 269 2155 usitatius
289 2130 404 2167 quam
422 2117 568 2167 inqem'a
587 2117 739 2167 quidem
759 2130 827 2166 pro
846 2117 937 2166 ipsis
955 2116 1172 2155 hominibus
1186 2131 1346 2167 quorum

91 2196 134 2221 ea
165 2183 242 2221 sint
274 2182 374 2220 dici:
406 2183 453 2220 cf.
475 2183 560 2221 Liv.
591 2183 617 2220 i.
644 2186 705 2220 46.
737 2185 783 2228 5.,
815 2182 855 2220 ii.
890 2186 949 2220 43.
986 2185 1059 2229 10.,
1083 2183 1180 2221 xxii.
1206 2186 1267 2220 43.
1294 2187 1344 2228 5.,

90 2249 228 2287 xxviii.
249 2252 311 2286 44.
333 2252 380 2294 5.‚
402 2249 456 2286 xl.
479 2249 539 2287 47.
569 2252 619 2294 5.‚
641 2247 739 2285 xliii.
768 2251 831 2286 22.
853 2251 900 2294 6.,
928 2248 1007 2285 xlv.
1029 2251 1088 2285 23.
1114 2251 1184 2294 16.,
1207 2249 1283 2286 Cic.
1305 2251 1347 2285 ‹le

91 2314 178 2352 Fen.
200 2303 230 2351 1:
252 2317 287 2351 3.
314 2315 364 2361 7.,
397 2315 498 2352 Taso.
521 2313 546 2350 i.
573 2317 631 2351 15.
662 2316 737 2360 33„
764 2313 869 2351 Laez.
900 2316 958 2351 18.
983 2316 1057 2359 65„
1079 2314 1120 2350 de
1146 2313 1211 2363 off
1235 2314 1260 2353 i.
1286 2318 1345 2352 18.

92 2383 166 2426 26„
199 2380 353 2418 Sallust.
390 2380 468 2418 Cat.
499 2382 561 2418 20.
592 2382 642 2426 2.‚
672 2380 768 2417 Hor.
796 2379 942 2428 Epistt.
964 2377 1004 2416 ii.
1037 2383 1068 2417 1.
1099 2382 1173 2425 88„
1204 2383 1239 2418 2.
1271 2383 1346 2425 81„

684 2458 703 2483 c
732 2448 755 2482 2
