1490 2588
547 163 822 201 LIVIANAE.
1269 171 1313 204 61

123 267 178 309 xl.
210 269 252 309 4.
287 267 323 309 3.
360 267 445 309 “in
476 266 684 310 viduitate
716 268 885 310 relictae
928 267 1050 320 filiae,
1079 300 1088 310 .
1126 303 1133 310 .
1160 302 1167 310 .
1204 270 1319 313 The-

65 353 212 388 oxena,
235 338 379 380 multis
396 338 654 394 petentibus,
679 343 926 394 aspernata*
948 339 1118 395 nuptias
1134 340 1238 382 est.''

115 424 140 448 ⁹⁵
161 423 360 473 Suspicor:
382 418 446 462 iias
466 423 638 474 (alteras)
658 426 844 472 spernam.
891 423 988 462 Vide
1007 424 1054 461 ad
1071 425 1181 462 xxxi.
1203 428 1264 465 27.
1282 429 1316 464 3.

124 540 177 546 —
203 518 266 556 ll.
290 521 312 541 “
332 530 428 558 cum
448 515 569 572 gravi
590 515 740 566 edicto,
780 530 833 558 ne
860 522 1175 559 reverterentur
1202 517 1317 559 sine*

63 586 147 627 ea.”

114 673 139 697 ⁹⁵
159 672 335 721 Segniter
361 672 402 710 in
429 673 505 710 fine
532 672 620 710 addi
644 673 823 710 videntur
849 672 924 710 ista
951 674 1029 711 sine
1056 687 1108 712 ea.
1166 675 1320 717 Quanto

61 739 198 777 melius
216 739 293 776 sine
311 752 352 776 ea
371 753 413 777 ne
431 742 709 778 reverteremur.
765 739 868 781 Quin
891 739 1008 777 etiam
1038 741 1192 778 mallem
1211 743 1317 791 equi·

60 805 146 843 dem
164 805 277 842 etiam
295 805 569 855 praepositione
586 805 795 854 postposita
814 818 854 842 ea
866 806 955 844 sine.

117 925 174 931 —
204 897 240 940 7.
269 898 307 939 6.
336 903 364 923 “
380 896 537 940 Omnes
568 901 637 939 se*
671 897 757 939 ire*
799 896 1112 939 conclamarunt
1153 905 1318 954 praeter

60 981 143 1015 εοε,
164 967 237 1022 qui
255 967 343 1009 —-—.'’

112 1039 137 1063 ⁷³
155 1039 245 1077 Non
263 1039 373 1076 eredo
393 1038 584 1088 seripsisse
599 1038 753 1076 Livium
771 1038 845 1076 ista
863 1052 898 1075 se
917 1039 981 1076 ire.
1037 1039 1186 1081 Quibus
1205 1041 1315 1078 omis-

60 1103 110 1141 sis
125 1104 394 1142 conclamarunt
407 1106 565 1142 verbum
576 1104 903 1154 interpretandum
921 1105 1013 1142 erit:
1050 1118 1136 1142 eum
1154 1106 1315 1145 clamore

60 1174 291 1219 exceperunt
302 1173 340 1208 et
354 1171 670 1220 adprobaverunt,
693 1183 741 1207 se.
756 1170 796 1206 id
809 1171 908 1219 quod
924 1170 1072 1208 dixerat
1086 1171 1315 1210 Demetrius.

60 1235 136 1274 Cic.
159 1235 198 1273 in
227 1237 327 1274 Verr.
348 1236 398 1273 iv.
432 1239 492 1273 64.
522 1239 622 1282 143„
667 1239 691 1257 “
710 1235 944 1275 Conclamant
965 1249 1103 1282 omnes,
1126 1240 1164 1274 et
1183 1238 1316 1287 adpro-

58 1302 151 1339 bant
168 1301 222 1339 ita
240 1301 323 1339 fieri
337 1301 545 1351 oportere.’'
576 1302 685 1339 Idem
697 1314 771 1350 pro
785 1301 917 1339 Flacco
935 1302 967 1340 7.
987 1302 1058 1348 17„
1083 1305 1108 1322 “
1120 1303 1221 1351 quod
1242 1333 1249 1340 .
1273 1333 1280 1340 .
1304 1334 1312 1341 .

59 1379 98 1404 se
116 1367 215 1404 velle
234 1367 346 1413 dixit,
368 1367 408 1404 id
430 1397 437 1404 .
462 1396 469 1404 .
493 1397 501 1404 .
523 1366 830 1405 conclamarunt?

115 1496 173 1501 —
199 1474 265 1512 14.
296 1473 335 1513 6.
368 1470 453 1513 “Si
480 1486 689 1526 quaeram,
732 1471 845 1513 unde
876 1470 920 1512 id
956 1470 1095 1526 ipsum
1130 1470 1313 1513 scieris?

57 1556 225 1584 necesse
246 1541 326 1583 erit
345 1546 414 1584 te*
436 1541 597 1593 fateri*‚
617 1549 691 1584 aut
714 1573 723 1583 .
749 1573 758 1583 .
783 1574 791 1582 .
812 1548 887 1583 aut
901 1540 996 1583 —.”

109 1628 134 1651 ⁷¹⁶
162 1627 272 1670 Quod
291 1627 440 1665 additae
469 1630 559 1665 sunt
585 1640 608 1665 a
632 1626 788 1665 Gelenio
815 1626 912 1663 duae
936 1637 1046 1663 voees
1066 1627 1098 1663 te
1107 1625 1241 1675 fateri,
1273 1627 1313 1663 id

57 1706 188 1731 censeo
208 1693 303 1731 eitra
319 1693 583 1731 necessitatem
601 1706 680 1731 esse
698 1693 854 1730 factum.
903 1725 907 1729 ,

113 1825 165 1831 -
196 1802 261 1841 15.
284 1801 349 1840 12.
365 1804 395 1824 “
410 1813 541 1854 quum
557 1797 659 1853 quid
680 1797 809 1848 aliud,
835 1811 961 1853 quam
981 1795 1140 1852 ingenii
1156 1796 1308 1844 fama&

57 1869 314 1925 periclitarer
321 1868 366 1910 ‘1³³'

108 1955 134 1979 ⁹⁵
150 1954 334 1992 Tollenda
349 1953 542 1991 distinctio
555 1955 639 2003 post
643 1953 762 2002 fama.
799 1953 934 2001 Neque
950 1950 1051 1989 enim
1061 1951 1142 2001 jam
1157 1951 1204 1988 ad
1224 1952 1314 2001 quid

57 2020 162 2058 aliud
178 2020 417 2058 referendum
434 2021 593 2057 verbum
607 2022 674 2057 est.
704 2018 887 2067 Elliptica
905 2020 1032 2055 autem
1051 2017 1200 2054 dicendi
1214 2018 1310 2055 ratio

56 2090 112 2124 est
126 2086 283 2136 z—quid
300 2085 405 2123 aliud
422 2085 617 2136 (facerem)
634 2098 740 2135 quam
759 2084 1010 2133 inqem'z'fama
1024 2083 1264 2132 periclitarer
1283 2084 1310 2123 9.

58 2151 170 2195 Quod
202 2164 322 2201 genus
347 2151 454 2200 larga
480 2164 596 2189 manu
623 2151 670 2188 ad
698 2151 915 2188 Ciceronem
938 2149 1128 2186 illustravi
1154 2150 1233 2188 Cat.
1250 2151 1308 2186 M.

59 2219 119 2255 16.
149 2220 235 2264 58.;
269 2217 353 2255 add.
390 2217 538 2254 Manut.
572 2216 619 2254 ad
646 2216 687 2253 de
713 2216 800 2253 Flu.
833 2228 870 2253 v.
915 2217 977 2253 21.
1009 2218 1070 2251 59.
1126 2214 1229 2257 Quin
1259 2215 1310 2252 sie

56 2282 137 2332 ipse
155 2295 264 2333 saepe
282 2282 415 2320 Livius
429 2281 531 2320 z—ii.
553 2285 614 2319 43.
637 2285 687 2328 8.,
709 2281 764 2320 iii.
782 2284 839 2319 19.
858 2284 906 2326 6.,
926 2294 963 2319 v.
981 2283 1015 2318 2.
1034 2283 1104 2326 11.‚
1126 2294 1222 2317 xxx.
1246 2281 1308 2318 35.

59 2351 109 2395 8.,
133 2352 158 2370 “
175 2348 207 2387 si
226 2349 326 2387 nihil
343 2348 448 2387 aliud
458 2347 498 2392 ;’'
519 2348 625 2386 xxiv.
648 2349 710 2386 36.
728 2348 774 2394 7.,
800 2351 824 2369 “
838 2360 993 2386 cernens
1010 2347 1108 2385 m'lee'l
1128 2346 1232 2384 aliud
1259 2348 1306 2384 ab

669 2425 690 2451 G
