1490 2588
159 132 205 164 50
576 131 727 169 EMEN
729 131 933 171 DATION
936 133 996 172 Es

212 260 267 264 ——
300 260 355 264 ——
390 238 457 276 21.
492 241 623 276 “non
659 236 759 290 quia
792 236 1046 292 reipublicae
1077 237 1122 280 id
1154 237 1300 289 utile*,
1338 238 1411 281 sed

154 305 348 359 qula-—ff’

207 386 230 408 ἦ
258 384 412 421 Excidit
437 383 498 430 sit,
531 383 676 434 opinor,
706 388 793 424 ante
821 388 874 423 set
903 386 1013 437 (sed).
1069 388 1127 425 De
1146 388 1243 438 subj.
1265 388 1313 426 ad
1329 388 1410 426 xxi.

154 455 211 489 w.
235 454 269 487 6.

210 559 266 563 -
288 533 356 570 43.
385 530 446 573 17.
471 534 499 554 “
516 528 577 570 illi
596 528 677 584 ipsi
698 536 783 571 tam
804 529 959 573 infelici
975 531 1212 586 imperatori
1229 531 1412 587 patuisse

154 607 294 641 tamen
311 606 457 655 portus
480 599 666 650 Africae,
688 606 731 642 et
751 616 815 643 res
831 601 1020 658 egregias
1036 602 1174 658 primo
1191 617 1300 644 anno
1316 617 1410 659 ges-

156 671 321 712 sisse*.’'

207 761 228 781 ³*
257 759 344 795 Non
363 757 532 795 offendor
551 772 618 808 ego
637 758 678 796 in
702 772 780 796 eum
807 759 1030 808 pronomine
1058 759 1203 798 omisso.
1257 760 1338 798 Nec
1356 763 1412 798 ta-

154 837 240 861 men
259 824 525 873 conjecturam,
548 838 645 873 quae
663 824 764 862 ultro
783 826 913 863 oborta
931 828 999 872 est,
1021 826 1288 863 dissimulabo:
1311 829 1346 863 et
1357 839 1414 864 ree

154 890 290 939 ‹yreyz'e
297 889 422 938 primo
438 903 532 927 amm
550 890 699 928 cessisse.
744 891 841 928 Utra
854 904 942 940 ergo
955 891 1090 928 melior
1106 890 1250 929 lectio?
1294 891 1413 941 Equi-

155 956 240 993 dem
277 955 440 992 dixerim
476 958 555 992 tam
591 956 738 993 infelici
774 956 994 1006 imperatori
1025 956 1311 994 convenientius
1340 957 1414 994 dici

154 1021 302 1070 egregie
330 1034 389 1057 res
418 1021 584 1066 cessisse,
616 1035 730 1071 quam
758 1022 884 1071 ipsum
902 1035 962 1060 res
980 1022 1149 1071 egregias
1169 1022 1413 1071 (requirerem

154 1087 281 1136 potius
313 1087 474 1136 eyreffl'as
491 1088 565 1137 res)
598 1088 766 1136 gessisse.
822 1088 874 1126 Et
891 1088 990 1126 male
1003 1091 1163 1137 yesserat
1177 1101 1243 1138 pro
1264 1091 1415 1125 cesserat

155 1153 261 1190 codd.
289 1154 488 1202 plerosque
513 1153 667 1190 Horatii
686 1153 886 1202 occupavit
904 1154 986 1192 Sat.
1007 1153 1048 1191 ii.
1073 1156 1104 1191 1.
1126 1156 1187 1192 31.
1242 1153 1332 1191 Alia
1349 1166 1414 1191 au-

154 1223 227 1256 tom
248 1218 369 1256 nostri
386 1218 492 1256 verbi
511 1219 686 1268 exempla
704 1220 810 1256 dabit
828 1219 1074 1257 Foreellinus.

211 1322 268 1329 —-
289 1299 356 1339 46.
384 1300 450 1338 14.
480 1304 509 1322 ‘⁴
523 1312 650 1339 naves
672 1298 877 1340 onerarias
898 1297 1136 1340 Poenorum
1160 1329 1169 1339 .
1194 1329 1204 1339 .
1228 1329 1238 1339 .
1260 1305 1415 1354 captas,

158 1400 165 1407 .
192 1402 197 1406 .
224 1399 233 1408 .
255 1368 442 1423 captivos
464 1367 766 1425 Carthaginem
787 1368 1144 1425 perportantes*.’'

207 1454 232 1477 *²
259 1453 433 1490 Fortasse
451 1456 690 1502 reportantes.
746 1454 847 1503 Ergo
861 1453 1105 1491 advenientes
1118 1466 1234 1490 naves
1247 1453 1416 1491 frumen-

158 1524 241 1555 tum
261 1521 586 1568 commeatumque
604 1522 860 1569 portaverant,
881 1519 1083 1557 redeuntes
1100 1519 1279 1568 praedam
1297 1519 1414 1569 capti·
1476 1535 1477 1538 ¹

154 1596 294 1634 vosque.
312 1585 526 1633 portabant.

214 1676 329 1717 xxix.
371 1680 433 1718 13.
469 1680 501 1718 l.
533 1682 555 1702 “
571 1677 822 1733 provinciae,
857 1676 1055 1721 Cornelio
1090 1675 1263 1718 Etruria
1394 1707 1406 1727 ‚

161 1746 408 1803 Sempronio
430 1747 603 1796 Bruttii,
628 1781 635 1788 .
659 1781 667 1789 .
691 1782 698 1790 .
721 1747 976 1791 decretae*.''

215 1832 239 1855 ’ὅ
257 1832 361 1870 Fort.
391 1832 535 1878 decreti,
567 1832 664 1871 sicut
686 1846 795 1882 saepe
822 1832 936 1870 etiam
963 1835 1049 1882 post
1075 1830 1233 1869 consulem
1258 1843 1408 1877 nomen,

157 1899 389 1950 appositione
411 1901 591 1948 sequente
618 1898 813 1949 bipartita,
847 1897 1045 1936 vicinioris
1079 1897 1240 1935 membri
1266 1896 1411 1935 nomini

158 1965 459 2003 accommodatur
476 1965 647 2002 verbum.
703 1963 802 2002 Vide
820 1963 890 2002 inf.
912 1964 960 2001 ad
978 1963 1132 2001 xxxvii.
1155 1965 1215 2000 15.
1235 1965 1269 2000 6.

214 2083 270 2089 —-
301 2059 362 2097 18.
386 2058 423 2098 6.
448 2055 669 2112 “ignobili
688 2062 815 2111 atque
839 2054 1061 2097 inhonesta
1080 2060 1229 2104 morte,
1251 2059 1408 2096 temere

159 2134 281 2171 nocte
302 2127 513 2183 ingressus
534 2127 692 2183 Argos,
709 2124 978 2168 obcubuit*.’'

211 2213 235 2236 θῖ-
254 2212 383 2249 Potest
400 2211 584 2250 excidisse
598 2211 829 2250 versiculus:
852 2210 895 2263 [a
913 2210 1062 2248 muliere
1081 2208 1200 2259 tegula
1218 2207 1328 2261 ictus]
1349 2209 1407 2247 ob-

158 2277 293 2323 cubuz't,
326 2276 450 2326 qualis
485 2277 654 2326 exegesis
689 2277 793 2315 haud
829 2290 916 2315 sane
941 2276 1203 2327 inexspectata
1231 2278 1318 2325 post
1340 2275 1407 2313 illa

162 2342 315 2390 &nobili
333 2348 435 2392 atque
454 2342 640 2382 inhonesta
658 2349 766 2382 morte
784 2343 986 2382 accederet.
