1490 2588
605 183 900 221 HANNIBAL.
1323 186 1370 219 29

120 289 257 344 plinae
287 288 485 338 militum,
519 303 602 342 quo
639 289 859 344 scriptores
890 287 1067 329 Romani
1094 301 1178 328 non
1209 286 1372 327 hostem

120 374 424 416 nobilissimum
453 373 708 428 deprimunt,
745 373 817 414 sed
840 372 1041 413 virtutem
1062 386 1232 413 suorum
1254 370 1372 412 adfli-

119 466 240 514 gunt.
303 458 456 512 Neque
486 472 535 499 ea
569 472 692 498 causa
733 456 912 498 difficilis
952 456 1139 498 inventu.
1202 455 1370 511 Nempe

119 542 274 597 aliquid
295 541 518 596 aliquando
549 540 819 595 imperatores
840 540 1017 582 Romani
1051 540 1150 581 artis
1178 539 1368 580 militaris

117 629 362 677 didicerant,
399 628 489 682 ipso
515 626 753 668 Hannibale
788 627 929 682 (paulo
950 627 1116 667 duriore
1147 627 1369 682 magistro)

117 713 304 754 docente.
326 711 571 752 Accedebat
584 710 765 752 etaltera
779 725 915 760 causa,
935 725 1041 765 quae
1054 709 1369 765 quidemipsum

117 795 287 837 Livium
312 810 395 836 non
416 795 577 843 fefellit,
610 794 737 848 quod,
774 794 952 836 inimicis
981 794 1231 835 Hannibalis
1254 795 1367 836 domi

115 881 157 920 in
185 886 333 921 senatu
367 879 720 934 pervincentibus‚
763 878 1054 934 supplementa
1086 885 1128 919 et,
1161 878 1368 933 stipendia

114 966 247 1020 primo
267 979 396 1019 parva
417 971 460 1005 et
481 964 650 1019 exigua,
672 979 785 1014 mox,
811 964 1004 1005 omnibus
1024 963 1188 1018 imperii
1208 965 1367 1005 viribus

113 1050 154 1089 in
187 1048 430 1103 Hispaniam
463 1048 592 1089 versis
632 1048 728 1103 (etsi
758 1047 870 1089 idem
904 1047 1179 1102 Hispanicum
1207 1049 1366 1089 bellum

113 1133 238 1174 etiam
272 1132 479 1174 Romanas
515 1134 654 1187 copias
687 1132 865 1187 divisit),
898 1132 1021 1187 plane
1051 1132 1167 1173 nulla
1196 1134 1248 1173 ad
1270 1149 1365 1174 eum

113 1217 400 1257 mittebantur.

172 1300 242 1340 Ac
263 1315 382 1354 spero
411 1299 471 1340 ita
497 1313 563 1339 me
595 1313 723 1352 grave
759 1299 916 1340 crimen
948 1299 1063 1340 istud
1097 1299 1364 1355 Campanum

113 1383 295 1431 diluisse,
319 1382 492 1437 posthac
512 1389 561 1422 ut
581 1382 712 1436 possit
727 1382 877 1437 ingens
898 1383 1047 1424 umbra
1063 1382 1216 1423 summi
1235 1382 1366 1437 impe-

111 1469 259 1507 ratoris
280 1466 441 1521 placide
463 1465 685 1520 quiescere.

172 1550 279 1591 Sunt
293 1557 335 1590 et
355 1549 458 1590 aliae
471 1549 582 1604 apud
601 1548 773 1590 Livium
787 1547 1039 1590 Hannibalis
1054 1549 1363 1590 criminationes

110 1633 151 1673 in
173 1648 221 1674 eo
242 1633 346 1683 loco,
372 1633 444 1674 ubi
465 1647 600 1673 mores
614 1633 704 1687 ejus
721 1639 848 1688 atque
864 1633 1081 1688 ingenium
1097 1632 1252 1688 pinxit,
1276 1634 1361 1673 xxi.

110 1721 150 1757 4.
173 1720 212 1760 9.
227 1734 294 1757 :—

164 1818 188 1835 “
203 1815 286 1850 Has
304 1818 428 1851 tantas
444 1815 519 1851 viri
537 1815 700 1851 virtutes
727 1814 900 1863 ingentia
919 1814 1015 1851 vitia
1034 1816 1248 1863 aequabant
1263 1830 1271 1861 ;
1302 1815 1359 1852 ina

113 1881 314 1916 “humana
329 1880 542 1925 crudelitas,
565 1880 724 1929 perfidia
741 1880 829 1929 plus
848 1893 962 1928 quam
974 1880 1130 1926 Punica,
1152 1880 1251 1917 nihil
1264 1882 1358 1926 veri,

111 1945 249 1982 “nihil
276 1945 407 1991 sancti,
434 1946 565 1982 nullus
589 1945 714 1982 Deum
740 1949 876 1990 metus,
908 1945 1058 1982 nullum
1073 1946 1357 1995 jusjurandum,

112 2016 135 2032 “
149 2011 255 2047 nulla
272 2010 448 2059 religio.’'

166 2102 332 2158 Nempe
353 2100 530 2142 credidit
551 2101 715 2150 Livius,
738 2101 836 2156 quia
857 2101 1092 2143 virtutum*
1113 2101 1358 2144 Hannibalis

156 2216 174 2232 ᾗ
200 2215 278 2246 Cum
295 2217 341 2253 iis,
361 2215 472 2255 quibus
487 2216 546 2245 isto
562 2215 628 2245 loco
644 2216 771 2245 virtutes
787 2215 973 2252 Hannibalis
995 2217 1132 2255 agnoscit
1148 2217 1262 2254 Livius,
1287 2227 1359 2246 con-

110 2274 245 2302 texenda
261 2278 332 2302 sunt
348 2273 411 2309 illa,
430 2281 508 2310 quae
522 2272 616 2301 habet
631 2272 746 2301 xxviii.
765 2273 815 2301 12.
833 2274 862 2302 2.
910 2272 967 2303 Sed
983 2282 1021 2302 ne
1036 2273 1079 2302 sic
1095 2273 1218 2312 quidem
1233 2274 1357 2303 virtuti-

110 2330 165 2358 bus
193 2329 304 2359 summi
334 2329 393 2358 viri
424 2328 623 2366 satisfactum,
657 2328 768 2358 omissa
791 2328 995 2369 humanitate,
1009 2329 1123 2359 omissa
1149 2338 1238 2367 opera
1265 2330 1358 2359 literis

109 2386 188 2414 data.

697 2456 770 2494 02
