1490 2588
567 199 719 237 LIVIA
725 199 845 237 NAE.
1302 201 1323 234 9

74 302 197 340 dendo
216 302 372 348 efficere,
388 303 579 341 vulnerati
598 306 673 341 tres
691 317 738 341 ne
761 307 914 353 possent
943 303 1195 341 circumstare.
1224 303 1325 351 Ergo

71 367 229 406 fortasse
264 369 397 406 mallet
431 369 517 418 quis
532 383 540 406 :
579 383 680 419 quem
713 372 839 407 contra
875 373 948 407 tres
984 369 1139 418 conferti
1173 371 1326 406 starent.

70 432 204 471 Potuit
222 436 349 471 autem
366 434 543 472 librarius
562 435 701 484 aliquis
725 435 824 472 vesse
842 448 923 472 rem
941 448 1089 483 augere,
1105 436 1150 472 ut
1168 434 1328 482 fingeret

69 503 146 537 tres
164 512 285 537 unum
300 500 602 546 circumstetisse,
621 513 738 549 eoque
753 500 874 548 magis
893 501 924 537 si
942 501 1096 537 modum
1115 499 1325 549 subjuncti-

70 578 164 602 vum
181 565 223 602 in
241 568 381 603 starent
394 579 471 603 non
495 568 654 614 caperet,
671 579 745 614 quo
765 566 856 603 haec
881 567 928 603 ad
949 566 1119 603 animum
1138 566 1324 603 Romano-

69 643 155 668 rum
173 631 414 669 referrentur.
462 632 675 680 Postposita
693 634 820 668 autem
831 631 988 669 relativo
1007 634 1065 669 est
1083 634 1208 669 com‘ra
1219 644 1325 681 prae-

69 697 208 746 positio
227 698 329 746 apud
348 696 567 735 Ciceronem
586 697 741 746 quidem
760 710 881 746 saepe.

128 812 184 819 —
201 790 267 830 25.
286 797 320 835 7.
344 794 372 814 ‘⁶
387 803 487 844 ergo
506 822 512 829 .
535 820 542 828 .
562 819 571 829 .
589 788 768 844 capessit
783 788 944 844 fugam,
964 788 1023 830 ita
1043 787 1187 829 ratus*
1210 802 1326 829 secu-

70 865 202 909 turos,
221 865 270 900 ut
285 873 496 914 quemque
513 859 686 901 vulnere
701 859 914 901 adfectum
929 873 1079 914 corpus
1093 858 1287 900 sineret.''

125 944 150 968 9(-
167 943 350 981 Mallem:
373 944 527 992 capessit
536 944 668 993 swam
681 957 693 979 .·
714 944 976 990 κ’ΐτιεθεῑιΐανω,
1000 946 1043 980 ut
1062 955 1232 992 quemque
1251 971 1259 980 .
1283 972 1291 979 .
1315 972 1323 979 .

71 1008 216 1055 sineret,
234 1009 369 1047 omisso
384 1013 498 1047 ratus.
520 1009 575 1047 Cf.
585 1009 635 1046 vi.
648 1013 709 1047 22.
723 1014 755 1048 9.
776 1014 800 1030 “
810 1010 851 1046 in
864 1010 982 1047 aciem
989 1010 1210 1058 procedunt,
1227 1008 1327 1045 nihil

71 1075 238 1121 dilaturi,
262 1104 270 1112 .
289 1104 298 1112 .
314 1104 322 1112 .
339 1074 395 1112 ita
408 1075 592 1124 paucitati
605 1075 774 1113 hostium
784 1075 885 1112 nihii
898 1078 996 1113 artes
1006 1074 1244 1124 imperatoris
1262 1104 1268 1111 .
1289 1103 1296 1110 .
1316 1103 1322 1109 .

70 1141 289 1189 profuturas
308 1141 423 1179 csse.''

128 1244 183 1250 -—
206 1223 274 1261 25.
299 1222 336 1262 9.
364 1225 391 1244 ‘⁶
409 1219 510 1260 dum
531 1219 726 1261 Albanus
748 1220 957 1262 exereitus
978 1219 1178 1261 inclamat
1201 1218 1326 1261 Curi-

71 1289 207 1339 atiis*‚
240 1291 304 1331 uti
325 1305 447 1346 opem
467 1291 604 1332 ferant
623 1290 778 1332 fratris

123 1375 148 1399 '¹²
173 1375 354 1413 Curiatiis
373 1374 502 1413 alteris
517 1376 536 1410 ,9
564 1375 639 1412 suis
659 1375 786 1413 alteris
802 1376 821 1410 ,9

129 1492 185 1496 ——
212 1467 278 1508 25.
310 1470 371 1508 13.
402 1473 491 1508 “eo
520 1467 676 1521 majore
709 1482 805 1509 cum
837 1467 1009 1523 gaudio,
1044 1481 1129 1521 quo
1167 1465 1324 1521 prope*r

71 1541 258 1579 metum*
281 1552 346 1578 res
367 1537 540 1579 fuerat.”

121 1623 145 1646 ἦ
163 1622 301 1660 Haesit
319 1622 520 1661 Walkerus
539 1626 667 1659 noster
681 1626 772 1658 :—“
785 1623 848 1658 An
859 1635 978 1670 prope
1007 1623 1154 1658 metum
1185 1620 1325 1657 solum-

70 1688 180 1725 modo
204 1701 263 1725 res
292 1687 446 1725 fuerat?
499 1688 638 1725 Annon
669 1687 803 1725 Livius
828 1688 1016 1724 Romanos
1039 1691 1146 1724 metu
1174 1699 1326 1735 prorsus

70 1754 263 1791 exanimes
276 1754 359 1803 jam
378 1753 479 1790 dixit
490 1753 531 1791 ?’'
580 1754 1040 1802 Interpretaturque2—“
1055 1765 1097 1789 eo
1116 1753 1239 1800 majus
1251 1751 1327 1788 fuit

71 1820 263 1867 gaudium,
291 1820 392 1868 quod
413 1819 582 1868 proxime
594 1822 825 1867 postmetam
852 1820 1096 1856 subsecutum
1121 1818 1218 1855 est.³’
1272 1820 1326 1854 At

70 1887 216 1921 metum
240 1885 413 1933 intelligo
441 1898 509 1933 ego
530 1898 606 1921 non
635 1898 721 1921 eum
741 1885 808 1933 qui
825 1884 970 1930 fuisset,
1002 1884 1067 1920 sed
1085 1896 1171 1921 eum
1191 1883 1258 1932 qui
1284 1884 1326 1920 in

71 1951 226 1987 adverso
246 1953 385 1987 eventu
404 1950 619 1988 certaminis
637 1953 733 1987 esset
752 1950 915 1987 futurus.
952 1949 1125 1986 Profecto
1144 1962 1253 1998 saepe
1271 1950 1326 1986 ita

71 2018 185 2052 metus
203 2015 355 2061 dicitur,
374 2019 418 2053 ut
431 2029 512 2053 rem
525 2018 763 2065 praesentem
777 2019 1002 2064 tempusque
1016 2027 1192 2063 praesens
1204 2015 1326 2063 magis

70 2094 185 2130 quam
204 2081 378 2118 futurum
396 2084 550 2130 spectet.
592 2081 713 2129 Supra
732 2084 767 2118 9.
791 2083 862 2126 13„
887 2082 910 2100 “
926 2080 1092 2117 Turbato
1110 2093 1178 2130 per
1196 2084 1326 2117 metum

69 2147 227 2192 ludicro,
258 2147 392 2184 moesti
418 2149 593 2195 parentes
619 2146 812 2195 virginum
841 2146 1115 2195 profugiunt;''
1143 2146 1168 2183 i.
1199 2160 1228 2183 e.
1258 2160 1325 2195 per

69 2213 150 2248 Vim
185 2212 341 2250 illatam.
396 2213 508 2258 Nam,
546 2211 666 2261 raptis
700 2212 926 2260 virginibus,
961 2212 1061 2248 nihil
1097 2216 1187 2257 erat,
1221 2212 1323 2261 quod

70 2277 233 2326 amplius
253 2281 428 2327 parentes
450 2280 672 2315 metuerent.
728 2278 781 2314 Et
810 2280 869 2316 16.
899 2281 949 2324 2.,
980 2282 1003 2298 “
1019 2278 1127 2315 velut
1151 2277 1323 2314 orbitatis

69 2346 165 2380 metu
181 2343 296 2381 icta.’'
351 2344 487 2393 Neque
505 2343 607 2380 enim
626 2343 828 2381 orbitatem
845 2346 1039 2393 tamquam
1057 2344 1226 2381 futuram
1244 2356 1320 2380 me-

69 2409 248 2455 tuebant;
278 2410 343 2448 sed
361 2409 444 2460 ipsa
460 2422 636 2460 praesens
661 2410 801 2448 orbitas
836 2414 981 2448 metum
999 2410 1200 2459 quemdam
1218 2409 1322 2446 inde-
