1490 2588
177 191 224 224 22
656 189 951 226 HANNIBAL.

174 292 241 341 do,
263 292 297 333 si
318 292 491 333 indulsit
512 292 682 346 aliquid.
744 293 880 334 Credo
911 293 1087 335 laxiores
1113 294 1419 349 aliquanto‘ha-

174 377 299 417 henas
322 391 542 431 parumper
560 376 762 418 militibus
778 377 962 427 dedisse;
991 393 1071 419 non
1088 379 1211 421 credo
1231 380 1352 434 plane
1364 395 1417 422 ex

175 460 364 501 manibus
396 460 594 514 abjecisse
634 460 827 508 habenas,
869 476 971 515 quas
1004 461 1130 503 semel
1165 462 1334 504 amissas
1369 478 1419 504 ne

174 542 389 585 Hannibal
422 544 587 598 quidem
622 544 662 584 in
701 544 776 585 tali
809 545 1007 594 exercitu,
1041 545 1289 593 colluvione,
1313 546 1422 588 sicut

173 634 273 675 erat,
299 627 409 669 orbis
431 635 649 677 terrarum,
682 628 888 683 potu-isset
923 644 1144 670 resumere.
1209 629 1264 670 Et
1291 629 1421 670 haud-

172 700 650 768 quaquamdisciplinam
674 713 892 754 militarem
906 712 1183 754 intermissam
1203 712 1342 761 fuisse,
1366 728 1420 754 ex

171 810 220 836 eo
241 796 469 838 certissime
491 797 630 852 colligi
653 803 805 851 potest,
829 797 938 851 quod
954 797 1063 838 inter
1084 804 1168 838 tam
1188 797 1418 847 dissimiles,

170 880 222 919 ab
243 880 372 920 altera
393 887 510 934 parte
532 881 767 935 Campanos
788 881 923 922 cultos
952 883 1150 935 superbos
1172 881 1418 930 fastidiosos,

171 963 240 1017 qui
263 971 428 1005 exteros
459 965 596 1005 nullos
627 965 746 1006 facile
778 965 1016 1014 tolerarent,
1046 967 1097 1005 ab
1118 965 1247 1005 altera
1270 980 1421 1019 purga-

170 1054 311 1088 menta
327 1047 510 1088 omnium
525 1048 728 1102 gentium,
753 1064 834 1089 non
852 1049 975 1089 modo
997 1048 1085 1089 sine
1106 1049 1323 1097 discordia,
1348 1048 1420 1089 sed

170 1146 331 1172 summa
363 1146 458 1172 cum
489 1132 710 1173 concordia
742 1139 805 1173 est
826 1139 977 1173 exacta
1006 1132 1150 1172 hiems.
1210 1131 1277 1172 En
1298 1132 1420 1173 disei—

169 1214 305 1269 plinae
326 1226 512 1256 servatae
545 1215 798 1270 exemplum,
830 1216 951 1270 quale
971 1215 1149 1256 alterum
1178 1215 1340 1256 nullum
1364 1230 1418 1255 ex

169 1298 353 1339 historiis
374 1299 565 1340 omnibus
587 1300 673 1340 erui
698 1305 848 1353 potest.

227 1383 294 1423 At.
314 1383 423 1423 enim
446 1383 486 1422 in
508 1383 629 1425 tectis
661 1382 796 1424 hieme
818 1382 964 1424 habuit
995 1382 1227 1423 exercitum
1257 1380 1420 1422 Hanni-

170 1466 249 1508 bal.
311 1466 457 1519 Quid?
507 1481 643 1507 nonne
675 1465 898 1508 Marcellus
932 1465 1084 1521 (xxvii.
1121 1465 1316 1515 20.10.),
1351 1479 1420 1504 va-

168 1558 294 1606 gante
321 1566 395 1605 per
419 1551 581 1592 Italiam
613 1550 865 1600 Hannibale,
902 1549 1038 1599 media
1059 1555 1216 1590 aestate
1238 1550 1308 1603 (ut
1327 1563 1419 1588 sau-

170 1635 268 1683 cios,
301 1635 459 1689 opinor,
495 1634 700 1687 reficeret)
725 1633 956 1675 Venusiam
987 1634 1030 1674 in
1052 1639 1162 1673 tecta
1187 1631 1417 1673 exercitum

170 1719 387 1759 abduxit?
448 1718 730 1772 Quamquam,
754 1717 948 1771 qualibus
970 1717 1012 1757 in
1034 1715 1157 1757 tectis
1181 1714 1416 1756 exercitum

170 1801 363 1843 habuerit
402 1801 620 1848 Hannibal,
655 1801 794 1855 quaeri
829 1806 981 1855 potest.
1045 1799 1155 1839 Nam
1184 1813 1266 1839 non
1294 1798 1417 1838 credo

171 1885 364 1938 equidem
387 1901 520 1940 neque
542 1885 724 1939 potuisse
745 1899 880 1939 neque
902 1883 1081 1925 voluisse
1104 1883 1337 1939 Campanos
1354 1888 1419 1922 tot

171 1968 301 2009 millia
322 1969 537 2010 hominum
554 1968 597 2009 in
618 1969 762 2010 domos
783 1984 877 2009 suas
899 1967 1080 2022 privatas
1102 1966 1304 2021 1·ecipere;
1335 1980 1419 2006 non

171 2052 347 2093 arbitror
381 2052 484 2093 adeo
518 2067 689 2107 gravem
723 2052 843 2093 sociis
881 2050 1104 2105 Campanis
1140 2048 1419 2090 Hannibalem

171 2135 312 2185 fuisse,
345 2141 394 2176 ut
414 2135 524 2190 ipsos
545 2135 737 2177 domibus
773 2135 998 2190 expulerit,
1037 2147 1189 2187 easque
1219 2131 1421 2172 militibus

172 2218 256 2260 suis
290 2219 521 2260 tradiderit.
586 2219 685 2261 Non
718 2219 841 2260 credo
861 2218 1046 2273 potuisse
1069 2217 1316 2273 Campanosi,
1340 2214 1422 2255 ele-

170 2309 318 2356 gantes
348 2302 560 2352 delicatos,
592 2312 635 2345 et
669 2301 915 2343 Hannibalis
947 2291 1173 2345 iiiilite<,²u¹²
1208 2284 1388 2325 Alexan*

172 2387 362 2436 mundos,
399 2388 501 2428 adeo
535 2387 654 2429 facile
689 2386 930 2435 coalescere,
970 2375 1166 2441 iistle213tae
1185 2375 1419 2422 :aiminus
