1490 2588
162 148 182 179 53
191 148 210 179 8
577 146 996 186 EMENDATIONES

160 249 400 299 “ipsumque
419 263 545 298 regem
568 279 574 287 .
600 280 606 287 .
630 280 638 287 .
660 251 773 288 armis
800 252 985 290 ezuerat.’'
1041 253 1125 290 Etsi
1142 267 1242 292 unus
1260 267 1414 305 scrupu-

157 316 217 353 lus
234 320 351 354 restat
368 331 375 353 :
406 330 493 353 nam
512 316 564 354 sic
583 317 695 365 paulo
713 317 864 366 longius
883 318 1071 368 dirempta
1088 320 1263 358 videatur
1280 334 1414 370 paren-

157 383 285 419 thesis.
341 383 392 420 Et
419 386 544 432 potest
577 383 716 432 aliquis
751 384 987 422 mallcz--z'u
1016 386 1231 424 Maurusios
1262 401 1304 424 ex
1341 388 1416 425 acie

157 447 355 486 Nomadas.

213 542 311 568 xxv.
336 530 377 568 8.
404 531 466 569 10.
491 533 518 552 “
533 535 605 568 aut
628 529 679 569 ab
693 528 813 570 hoste
827 543 880 570 ex
895 536 1140 584 praeparato
1156 530 1412 572 ablatum*.'’

209 614 233 636 *²
260 612 383 649 Immo
402 611 569 649 oblatam.
618 613 673 650 Cf.
698 612 717 663 g
739 616 773 650 6.
794 615 829 650 et
853 616 900 659 7.,
922 626 1067 651 necnon
1081 614 1122 651 11.
1146 617 1207 652 50.
1222 618 1271 661 4.,
1295 618 1356 653 51.
1375 619 1410 652 5.

211 730 268 734 —
290 705 330 745 9.
354 704 418 744 15.
453 709 480 729 “
497 703 821 759 resi-iugumque
843 711 1006 760 portam
1029 705 1331 760 proximam*.'’

207 789 232 812 1²
259 788 321 825 Al.
344 789 551 825 masce'mum.
591 789 622 825 F
626 792 694 826 ort.
705 792 855 837 portam
864 790 1073 838 proximam
1088 803 1266 840 quaquam.
1312 791 1413 828 Nam

154 854 335 891 hactenus
354 855 399 891 de
417 855 579 903 portula.

210 973 265 978 —-
293 950 353 987 ll.
382 946 444 988 10.
481 953 507 971 ‘⁶
527 945 655 1000 Isque
686 946 780 987 finis
812 946 1042 988 Hannibali
1062 947 1144 988 fuit
1165 952 1238 988 ea*
1261 953 1407 1003 parte*

152 1032 287 1058 arcem
309 1017 596 1072 oppugnandi.
638 1017 819 1072 Reliqua
835 1025 924 1059 erat
937 1018 979 1058 in
997 1018 1212 1059 obsidione
1226 1019 1410 1074 spes—.”

205 1091 229 1113 ᾗ
257 1093 379 1137 aperte
393 1089 412 1125 1?
458 1090 512 1126 Cf.
530 1089 625 1126 xliv.
646 1092 704 1125 12.
724 1093 770 1135 5.,
798 1093 822 1110 “
839 1090 990 1126 Placuit
1007 1088 1128 1137 igitur
1149 1118 1156 1125 .
1176 1118 1184 1127 .
1201 1119 1209 1126 .
1231 1090 1409 1139 quonjam

152 1155 207 1191 vis
237 1159 367 1203 aperta
396 1168 470 1191 non
496 1154 747 1203 processisset,
778 1155 953 1203 operibus
976 1154 1125 1192 moenia
1148 1156 1406 1204 oppugnare.’'

154 1221 200 1256 111
227 1221 383 1269 vulgata
410 1223 538 1258 autem
555 1220 717 1257 lectione
736 1221 897 1258 debebat
927 1220 1153 1269 praepositio
1183 1221 1311 1258 adesse
1335 1221 1379 1259 ab
1396 1236 1407 1258 .-

152 1287 197 1322 αϊ.
218 1287 270 1323 iv.
292 1290 353 1324 59.
375 1290 424 1332 4.,
444 1289 468 1306 “
482 1287 524 1323 ab
544 1300 583 1323 ea
592 1290 701 1335 parte
712 1287 853 1324 Fabius
867 1285 1187 1335 obpugnationem
1201 1287 1406 1325 ostendit.”

206 1394 262 1399 -
285 1365 351 1406 14.
376 1365 415 1406 1.
440 1371 467 1390 “
485 1380 580 1407 cum
603 1365 746 1407 multis
767 1365 1011 1408 vulneribus
1032 1379 1080 1406 ac
1094 1364 1304 1407 militum*
1318 1381 1409 1422 per-

150 1451 269 1477 111010.

204 1521 228 1545 ⁹⁵
255 1520 483 1570 militumque
496 1520 637 1566 scribit,
661 1521 786 1558 nescio
797 1522 909 1565 unde,
927 1522 1128 1561 Ellendtus
1144 1524 1303 1562 afferens
1315 1524 1408 1561 haec

153 1587 198 1623 :id
219 1587 294 1624 Cic.
315 1587 356 1623 cle
382 1586 485 1623 Orat.
507 1587 582 1624 vol.
604 1588 661 1624 Π.
682 1600 719 1636 p.
742 1591 803 1624 32.
861 1588 959 1625 Vide
979 1589 1026 1625 ad
1044 1589 1096 1626 ix.
1122 1592 1180 1628 17.
1203 1593 1237 1626 6.

208 1700 261 1706 -
284 1674 347 1714 16.
375 1674 413 1718 7.
439 1679 467 1699 “
485 1673 657 1715 deducit
678 1673 883 1722 Poenum,
906 1675 948 1716 in
964 1675 1128 1717 locum*
1145 1676 1257 1732 pacis
1274 1676 1406 1720 Grac-

148 1744 274 1787 chum
294 1744 593 1786 adducturus.'’

199 1831 223 1854 9(-
250 1830 373 1867 Locus
399 1829 609 1875 lacunosus,
640 1830 749 1880 cujus
766 1830 957 1868 restitutio
975 1831 1034 1877 iis,
1066 1844 1161 1880 quae
1179 1831 1280 1868 infra
1299 1830 1318 1882 ξ
1340 1834 1401 1869 22.

146 1899 184 1932 et
213 1899 274 1932 25.
304 1895 496 1943 leguntur,
527 1896 840 1934 accommodanda
867 1898 1144 1934 est1—deduez't
1171 1898 1333 1935 Poenum
1364 1898 1405 1936 in

147 1961 260 1998 locum
282 1960 504 2012 [quemdam
532 1974 667 1998 cavum
694 1962 797 1998 haud
823 1962 956 2010 procul
979 1976 1000 2000 a
1017 1963 1221 2000 Veteribus
1240 1963 1403 2012 Campis,

147 2040 261 2076 quem
279 2030 376 2063 esset
396 2027 436 2063 in
454 2027 579 2063 locum
599 2026 705 2078 cum]
719 2028 854 2075 paucis
878 2028 1081 2065 Gracchum
1100 2029 1334 2066 adducturus.

203 2112 314 2155 Ibid.
339 2112 357 2164 ξ
382 2117 451 2155 25.
487 2112 654 2155 “Haec
685 2114 811 2155 vera*
841 2114 952 2155 fama
981 2120 1056 2156 est.
1117 2113 1334 2157 Gracchus
1363 2115 1406 2156 in

146 2183 330 2225 Lucanis
354 2216 361 2224 .
386 2218 393 2224 .
420 2217 427 2224 .
450 2183 586 2238 periit.
652 2184 774 2235 Sunt,
809 2185 882 2240 qui
905 2218 912 2225 .
940 2216 950 2226 .
974 2215 984 2226 .
1007 2217 1015 2226 .
1042 2184 1166 2234 Sunt,
1199 2185 1273 2239 qui
1295 2218 1303 2226 .
1328 2217 1335 2225 .
1358 2220 1366 2226 .
1395 2218 1404 2226 .

149 2255 276 2297 Adeo
297 2269 375 2297 nec
394 2254 512 2296 locus
532 2270 611 2297 nec
631 2256 737 2297 ratio
757 2256 906 2298 mortis
928 2289 935 2296 .
963 2286 972 2296 .
997 2287 1007 2296 .
1030 2255 1233 2298 constat.'’

202 2350 226 2373 *²
254 2348 447 2391 Quomodo
472 2361 600 2386 veram
632 2349 729 2388 hanc
755 2349 896 2387 famam
924 2348 1084 2386 affirmat
1115 2347 1258 2395 Livius,
1287 2361 1407 2398 quum
