1490 2588
163 133 211 166 30
578 130 997 169 EMENDATIONES

157 234 193 270 N
198 247 257 270 am
274 241 368 283 puta
387 234 438 271 sie
458 247 634 271 exorsum
654 248 732 272 esse
747 234 907 273 :—Nol0
923 235 1094 285 equidem,
1115 235 1290 282 Quirites,
1307 236 1412 286 quid-

163 313 268 348 quam
289 300 328 336 ‘in
347 300 512 348 caeolleyatn
534 313 646 337 meum
666 300 894 338 inclementer
905 316 920 343 ;
948 304 982 337 et
1001 300 1042 337 id
1058 301 1161 337 modo
1183 301 1309 347 miror,
1333 313 1416 351 quo-

161 366 259 402 modo
273 388 334 403 —-.
390 366 477 402 Nisi
494 366 592 403 forte
612 366 664 403 sie
683 366 982 403 emendandum:
1019 365 1182 415 Collaque
1203 396 1210 403 .
1235 395 1243 403 .
1266 396 1275 404 .
1298 366 1416 404 concio

155 431 239 478 fult
267 431 397 477 terior,
438 445 544 480 quam
574 432 720 481 yratz'or
750 431 889 480 populo
905 430 1088 467 :—]l⁷c'lc2’l
1121 430 1351 469 inclementer
1379 431 1421 468 in

190 497 367 534 7arronem.
392 496 589 542 (Ζίοέῑινειηι,
615 497 693 534 nisi
716 497 757 534 id
774 498 872 534 modo
893 497 1039 541 mirari,
1061 497 1307 546 quomodo—.
1356 497 1419 533 Ad

165 563 291 610 ipsum
311 569 438 599 autem
457 563 681 599 adverbium
710 563 844 600 adhibe
870 562 953 599 xlii.
985 566 1045 600 25.
1068 565 1117 607 8.,
1142 561 1323 610 “Regem
1345 591 1352 598 .
1377 591 1385 598 .
1411 591 1418 598 .

167 628 400 665 inclementer
418 628 625 665 locutum.⁷'

220 753 278 758 —
299 731 366 769 42.
389 732 430 770 4.
455 728 654 770 “Paulus
667 728 794 770 etiam
808 735 935 784 atque
951 729 1078 771 etiam
1091 726 1268 776 dicere*,
1285 726 1424 783 provi-

167 799 352 840 dendum
372 799 830 855 praecavendumque.’'

220 906 240 928 ξ
261 892 604 940 Distinguendum:
630 895 652 913 “
667 891 821 937 Paulus,
844 891 996 928 ‘Etiam
1011 894 1116 941 atque
1129 890 1265 936 etiamss
1287 889 1421 935 dicere,

169 958 476 1005 ‘provz‘dendzmz.'
498 960 521 977 '³

221 1082 276 1088 ——-
297 1083 352 1088 —
373 1061 414 1099 8.
433 1063 457 1081 ‘⁶
475 1056 633 1097 Paulus
657 1087 667 1097 .
693 1088 700 1096 .
726 1087 735 1096 .
758 1055 1024 1098 obnuntiari*
1045 1087 1054 1096 .
1073 1088 1081 1096 .
1101 1087 1109 1096 .
1128 1055 1314 1111 collegae
1329 1054 1420 1109 jus·

170 1126 265 1168 sit.''

220 1226 241 1247 ιε
261 1211 433 1248 nuntiare
452 1210 557 1248 codd.
576 1210 715 1259 plures,
737 1214 836 1247 reete
854 1225 861 1247 :
892 1210 978 1246 vide
996 1223 1064 1246 nos
1089 1210 1137 1247 ad
1161 1209 1316 1247 Sallust.
1337 1209 1425 1259 Juq.

195 1281 240 1321 5.,
271 1277 318 1312 ad
347 1276 421 1313 Cic.
449 1277 529 1314 Cat.
552 1276 604 1312 M
629 1279 688 1312 12.
710 1279 791 1313 41.-
784 1305 791 1321 ‚
823 1276 906 1312 add.
929 1276 1051 1312 Peter.
1077 1276 1125 1312 ad
1155 1276 1231 1313 Cic.
1252 1277 1366 1313 Brut.
1388 1289 1425 1324 Ρ.

169 1344 242 1380 77
249 1371 270 1387 .‚
297 1355 386 1390 seq„
417 1341 561 1379 Dukei.
582 1342 629 1378 ad
647 1341 731 1378 Liv.
753 1341 862 1378 xxiv,
888 1344 947 1379 15.
970 1345 1020 1387 5.,
1051 1341 1169 1379 Drak.
1190 1341 1237 1378 ad
1255 1341 1340 1378 xlii.
1363 1343 1425 1378 24.

169 1412 218 1450 5.
249 1408 401 1455 Zumpt
424 1407 471 1444 ad
490 1407 594 1444 Cmt.
616 1407 671 1444 iii.
696 1410 755 1443 19.
779 1407 827 1453 7.‚
861 1410 920 1445 30.
944 1409 990 1453 7.
1020 1407 1086 1444 vii.
1119 1411 1180 1444 33.
1209 1410 1243 1443 8.
1299 1407 1427 1444 Etin-

167 1474 225 1510 fra
243 1486 393 1522 quoque
412 1470 432 1521 S
456 1475 515 1509 10.
536 1472 699 1518 mallem,
731 1472 763 1509 si
781 1473 886 1509 codd.
909 1472 1136 1517 addicerent,
1168 1473 1302 1521 referre
1320 1472 1429 1521 signa

172 1569 179 1576 .
205 1538 420 1588 .jubenti.’⁷

169 1346 190 1378 [υ
169 1280 189 1314 κ]

225 1655 282 1661 —-
302 1631 372 1670 43.
395 1633 432 1672 9.
466 1635 489 1653 “
509 1628 675 1683 majoris
696 1628 825 1684 partis
846 1630 1054 1670 sententia
1073 1630 1125 1670 ad
1147 1629 1428 1671 nobilitandas

169 1700 286 1741 clade
307 1699 500 1740 Romana
516 1699 696 1748 Cannas,
720 1707 929 1755 urguente
945 1700 1045 1749 fato,
1070 1699 1273 1755 profecti*
1289 1699 1427 1741 sunt.’'

221 1794 246 1817 λ’·
267 1792 394 1830 Scribe
416 1793 607 1840 proveeti,·
635 1792 658 1829 1.
680 1805 712 1829 e.
734 1792 892 1840 abrepti,
921 1792 1088 1841 impulsi,
1114 1791 1317 1842 pertracti:
1348 1792 1426 1829 vid.

171 1858 332 1895 Foreell.
377 1858 478 1894 Nam
497 1858 542 1895 de
561 1857 792 1906 profectione
811 1857 964 1906 quidem
984 1871 1015 1895 o.
1038 1861 1097 1895 44.
1145 1858 1258 1895 Nune
1277 1858 1322 1895 de
1342 1870 1426 1895 eon-

171 1925 256 1961 silio
275 1923 412 1971 agitur.

228 2048 284 2052 —
306 2024 371 2063 46.
395 2026 434 2063 4.
467 2028 488 2046 “
509 2022 641 2064 Afros
659 2021 893 2064 Romanam
911 2022 1088 2078 magna*
1110 2037 1162 2064 ex
1178 2027 1322 2078 parte*
1340 2037 1427 2065 ere-

173 2092 290 2134 deres
311 2092 481 2133 aciem.''

224 2185 248 2208 ⁹⁶
267 2185 349 2221 Aut
375 2184 478 2220 omui
505 2198 550 2221 ex
580 2189 687 2233 parte
714 2186 810 2234 quis,
842 2185 985 2234 opinor,
1015 2188 1082 2223 aut
1107 2185 1214 2223 nulla
1243 2198 1293 2223 ex
1320 2190 1427 2235 parte

173 2248 285 2285 Afros
304 2249 512 2285 Romanam
531 2250 749 2287 credidisset
767 2250 898 2288 aciem.
952 2251 1090 2299 Itaque
1103 2251 1184 2300 jam
1203 2250 1244 2287 in
1263 2251 1430 2300 juvenili

174 2314 336 2363 quodam
364 2314 544 2362 opusculo
562 2315 693 2352 monui
723 2315 928 2354 insititium
955 2328 1033 2354 esse
1050 2317 1120 2354 hoe
1139 2316 1219 2354 loeo
1239 2330 1367 2366 mayna
1385 2330 1428 2354 ex
