1490 2588
611 183 870 222 ALTERAE.
1323 190 1370 222 25

162 286 186 310 κ
201 285 356 323 Absunt
372 298 482 324 voees
501 293 534 324 et
559 287 636 335 ipse
665 300 686 324 a
705 287 812 324 codd.
834 287 912 326 fere
940 288 1115 326 omnibus
1127 304 1135 335 ;
1167 302 1291 338 neque
1311 303 1372 326 eas

111 350 350 397 desiderabis,
374 351 405 389 si
423 364 509 389 cum
528 352 674 401 aliquot
694 352 886 401 scripseris
905 366 1110 403 prostressos
1136 367 1204 403 pro
1219 367 1344 404 praess.

167 459 306 498 —45.
333 456 394 497 16.
421 457 563 498 “ubi*
588 457 803 499 Hannibal
835 457 929 499 erit.
961 458 1085 499 eum*
1107 465 1205 500 ante
1236 458 1374 500 omnia

111 525 415 580 deposcimus.’'

163 609 269 641 ³¹⁵—ss
286 609 445 647 Mallem
465 609 729 647 z—Hanm‘bal
763 610 828 647 ubi
871 611 954 648 erit.
1021 611 1270 649 Hannibalem
1303 641 1309 648 .
1334 641 1340 648 .
1369 639 1378 648 .

109 674 341 723 deposcimus.

164 790 221 796 —-
237 765 307 805 54.
334 767 396 806 16.
423 771 450 790 “
468 780 575 820 quae
590 770 761 820 parare*
784 772 827 808 et
843 781 1042 821 quaerere
1056 767 1234 808 arduum
1250 767 1347 808 fuit.

163 849 188 872 9⁵
203 849 327 885 Immo
351 861 498 897 parere,
532 849 686 898 opinor:
736 849 841 888 Vidd.
874 851 992 887 Drak.
1032 851 1080 887 ad
1109 851 1193 888 xlii.
1228 854 1287 889 11.
1323 855 1369 897 9.‚

111 913 263 951 Cortius
282 914 329 950 ad
349 914 506 951 Sallust.
528 915 616 964 Jecq.
640 917 698 951 10.
721 919 770 961 4.‚
796 918 857 952 31.
885 918 958 961 17.,
982 916 1204 954 Steinmetz.
1227 917 1274 953 ad
1294 916 1370 954 Cio.

103 991 176 1027 pro
194 979 294 1016 Mur.
316 979 378 1017 27.
402 982 477 1025 55.,
499 993 567 1017 nos
586 980 634 1016 ad
653 980 729 1017 Cic.
747 980 849 1018 Lael.
867 983 926 1018 15.
950 984 1024 1027 54„
1046 983 1089 1018 de
1115 982 1182 1031 Off.
1204 983 1241 1019 ii.
1265 986 1299 1018 2.
1323 986 1369 1026 8,,

109 1047 145 1080 9.
169 1047 242 1090 31.,
263 1046 307 1082 de
327 1044 417 1082 Fe'n.
440 1045 465 1081 i.
492 1048 550 1082 16.
574 1048 635 1082 53.
666 1046 764 1082 Tum
779 1059 950 1095 quaerere
969 1046 1042 1083 erit
1069 1047 1288 1095 adquirere:
1321 1048 1365 1085 cf.

107 1109 276 1148 xxxviii.
297 1111 358 1148 57.
380 1113 426 1156 4.,
461 1111 642 1159 “gratiae
662 1112 882 1160 quaerendae
896 1125 1007 1149 causa
1019 1113 1055 1159 ;'’
1079 1113 1173 1150 adde
1191 1113 1267 1151 CC.
1293 1113 1366 1150 SS.

108 1175 157 1212 ad
177 1174 332 1213 Sallust.
354 1175 441 1224 Juq.
465 1178 498 1213 3.
520 1179 558 1213 et
580 1179 616 1213 4.

165 1278 341 1320 xxxviii.
366 1279 405 1320 8.
431 1281 468 1323 7.
494 1279 676 1336 “Magis
698 1285 862 1336 saepc*‚
887 1296 1014 1336 quam
1037 1283 1234 1324 vere—.”

160 1364 185 1387 ἦ
199 1363 302 1400 Fort.
322 1363 449 1411 speeie.

163 1480 218 1486 -
241 1457 303 1496 ll.
330 1454 370 1495 8.
394 1460 418 1478 ‘⁶
434 1454 611 1503 darent3
635 1455 876 1505 convenit*,
901 1456 1102 1497 dum—‚⁹³

160 1539 185 1562 ⁹⁵
199 1539 303 1575 Fort.
325 1539 457 1576 dcc-rent
472 1552 551 1576 cum
569 1539 684 1576 venia.

163 1655 215 1660 -
235 1633 303 1674 49.
320 1631 360 1671 5.
384 1635 412 1655 “
430 1629 664 1672 detrectare
679 1629 871 1680 virtutes,
893 1644 1158 1686 corrumpere
1182 1663 1188 1669 .
1218 1661 1225 1670 .
1248 1645 1365 1685 prae-

105 1700 188 1741 mia
208 1699 420 1742 earum*.''

159 1799 184 1822 ⁹¹²
197 1810 319 1835 eorum
338 1798 445 1835 codd.
464 1798 554 1844 fere,
575 1801 677 1835 recte
694 1812 701 1835 :
734 1798 813 1836 vid.
834 1798 986 1836 Cortius
1001 1799 1049 1836 ad
1078 1798 1232 1836 Sallust.
1280 1798 1361 1835 Cat.

113 1866 170 1900 14.
195 1866 226 1899 1.
247 1875 394 1900 necnon
418 1863 466 1900 ad
486 1863 609 1900 eumd.
630 1863 654 1900 L
682 1876 750 1900 nos
777 1863 818 1900 in
848 1864 922 1902 CC.
948 1863 1022 1902 SS.
1052 1864 1110 1901 De
1138 1864 1366 1900 detrectandi

109 1930 238 1965 autem
256 1928 371 1966 verbo
391 1940 422 1965 c.
443 1940 517 1966 aco.
545 1941 726 1977 personae
752 1929 854 1966 idem
882 1929 1032 1966 Cortius
1060 1930 1107 1966 ad
1135 1929 1254 1978 ejusd.
1275 1928 1361 1978 Juq.

107 1995 168 2029 53.
192 1995 226 2029 8.

162 2083 312 2125 xxxix.
338 2084 375 2124 1.
395 2088 438 2126 5.
472 2089 620 2139 “quae
649 2090 693 2126 et
712 2084 812 2139 ipsis
842 2098 989 2140 capere
1017 2084 1134 2128 labor
1165 2085 1295 2135 erat*,
1319 2092 1363 2127 et

106 2168 158 2195 ex
178 2153 492 2209 praeoccupatis
513 2154 690 2209 dejicere
710 2154 912 2197 hostem.'’

157 2253 182 2276 ⁹⁵
194 2251 305 2289 Prius
340 2253 553 2290 membrum
585 2252 668 2302 jam
703 2252 816 2300 attigi
851 2253 1032 2290 Emendd.
1064 2253 1180 2302 prior.
1219 2266 1256 2302 p.
1298 2256 1359 2290 59.

106 2316 286 2356 Ceterum
300 2330 403 2355 nunc
417 2317 585 2367 suspicor
596 2317 781 2355 nonnulla
797 2317 1034 2357 intercidisse
1054 2331 1207 2369 :m-quae
1226 2321 1259 2356 et
1279 2318 1360 2367 ipsa

708 2395 727 2420 c
