1490 2588
539 137 814 175 LIVIANAE.
1253 142 1272 175 3
1282 142 1296 175 1

35 246 161 292 parte,
190 242 406 293 importune
433 256 482 280 ex
499 242 742 280 inferioribus
761 241 957 279 adscitum.
1014 242 1071 279 De
1091 255 1166 291 qua
1183 255 1224 279 re
1242 243 1302 279 vir

44 309 295 354 doctissimus,
324 309 501 358 idemque
529 309 651 346 editor
676 308 743 345 ille
771 308 884 353 Livii,
921 308 1112 344 Johannes
1144 308 1303 345 Walker

42 374 98 412 ita
129 375 331 424 judicavit,
370 377 415 412 ut
442 374 539 411 mihi
566 374 719 419 diceret,
748 373 861 422 plane
888 373 1182 411 indubitabilem
1210 386 1300 410 esse.

43 441 179 477 Postea
201 440 392 477 codicibus
414 440 484 477 hoc
502 440 543 476 in
561 439 642 476 loco
662 439 843 487 inspectis
862 439 1080 476 Harleianis
1100 439 1263 488 comperi
1283 453 1304 475 a

44 506 122 543 cod„
152 509 266 543 2684.
287 506 468 555 majorem
487 505 642 554 quidem
659 510 806 553 partem
824 504 1130 553 interpolationis
1149 505 1300 542 abesse:

43 571 85 608 in
117 584 191 621 quo
220 571 319 608 nihil
351 571 432 619 ejus
456 570 532 607 nisi
560 582 690 619 magna
715 569 867 617 legitur.
921 571 973 607 Et
1003 570 1113 607 facile
1142 574 1302 619 poterat,

45 637 186 686 opinor,
220 636 417 674 Hannibal
446 649 494 673 ex
524 636 683 672 istorum
714 636 875 672 duorum
909 635 1139 684 proeliorum
1175 635 1306 684 spoliis

45 715 193 739 omnem
203 715 403 739 numerum
423 701 509 750 (qui
520 714 595 737 non
606 701 661 737 ita
673 714 833 749 magnus
849 702 945 750 erat)
959 701 1140 738 Afrorum
1152 714 1305 738 suorum

46 767 225 804 Romanis
243 768 429 804 instruere
449 767 573 803 armis.
630 767 769 815 Itaque
797 767 1031 813 crediderim,
1061 767 1228 816 primum
1256 780 1304 804 ex

44 833 214 870 Roman&
234 846 300 882 per
318 845 480 870 errorem
498 832 687 869 exstitisse
706 832 776 869 Ro.
799 845 938 881 massua,
967 833 1102 870 deinde
1120 833 1221 869 ultro
1241 833 1305 869 ad-

46 898 170 936 ditum
188 911 267 936 esse
287 911 328 935 esc
340 901 464 947 parte.

103 1029 160 1034 —
180 1006 247 1048 49.
275 1006 336 1046 15.
374 1009 459 1045 “et
488 1010 606 1044 tanta
636 1018 765 1059 prope
796 1003 953 1045 civium
987 1005 1303 1059 sociorumque*

46 1074 180 1129 pars.”

100 1159 124 1183 ⁷¹¹⁵
159 1159 357 1196 Fortasse:
399 1161 432 1195 et
472 1161 577 1195 tanta
605 1172 724 1207 prope
761 1159 905 1205 civium,
943 1159 1118 1196 sociorum
1165 1163 1305 1208 quanta

44 1238 150 1273 pars.

107 1343 163 1348 —
183 1319 250 1359 50.
280 1319 311 1356 l.
345 1323 434 1358 “ut
466 1316 588 1367 misr,
622 1331 729 1371 quae
759 1325 855 1372 post
885 1332 1072 1372 pugnam
1103 1318 1302 1368 accidere,

50 1387 194 1437 levior,
220 1421 228 1430 .
252 1420 259 1427 .
283 1419 290 1427 .
313 1387 465 1429 sic—.’'

101 1486 125 1510 ἤι’·
144 1485 231 1522 Non
248 1485 372 1534 placet
389 1485 577 1523 ablativus
595 1486 677 1523 iste.
733 1487 909 1524 Fortasse
927 1501 934 1523 :
967 1489 1019 1533 ut,
1045 1487 1080 1523 δι’
1097 1487 1303 1533 contuleris,

49 1564 201 1600 quae———.

104 1669 160 1675 --
179 1647 250 1685 52.
273 1644 310 1684 6.
345 1649 368 1666 “
386 1641 615 1685 Consulem
636 1658 804 1698 quoque
826 1643 1066 1685 Romanum
1097 1646 1306 1700 conquisi—

48 1722 140 1756 tum
161 1713 471 1769 sepultumque,
504 1715 674 1769 quidam
696 1715 914 1756 auctores*
937 1716 1067 1756 sunt.'’

100 1802 124 1825 ἦ
143 1800 235 1837 Istis
254 1812 322 1847 ego
341 1799 558 1836 auctoribus
576 1800 727 1837 omnino
743 1801 972 1837 credendum
988 1813 1132 1838 censeo.
1178 1801 1307 1850 Digna

47 1866 266 1904 Hannibale
296 1879 366 1913 res,
402 1867 470 1915 qui
501 1867 631 1903 eadem
662 1866 899 1903 humanitate
927 1866 1008 1915 jam
1039 1866 1080 1902 in
1116 1867 1305 1905 Flaminio

47 1933 212 1971 voluerit
230 1934 384 1983 quidem
404 1947 441 1971 se
460 1946 598 1982 gerere,
627 1933 724 1969 xxii.
748 1934 781 1971 7.
806 1936 840 1969 5.
856 1936 949 1968 2——“
962 1932 1141 1969 Flaminii
1155 1946 1306 1982 quoque

47 2011 181 2048 corpus
208 1999 352 2037 funeris
380 2012 491 2036 causa
516 2011 653 2047 magna
680 2011 765 2035 eum
793 2011 883 2035 cura
906 1998 1135 2046 inquisitum
1152 2012 1229 2035 non
1246 2000 1306 2036 in-

47 2065 202 2110 venit;''
242 2065 310 2114 qui
338 2065 469 2102 eadem
496 2065 536 2101 in
565 2064 732 2101 Graccho
761 2077 798 2100 se
826 2064 993 2111 gesserit,
1023 2077 1117 2101 xxv.
1152 2067 1210 2102 17.
1245 2070 1302 2111 4.;

47 2132 177 2169 eadem
204 2131 245 2167 in
271 2130 463 2174 Marcello,
494 2130 617 2166 xxvii.
640 2133 700 2166 28.
726 2132 758 2166 1.
814 2130 886 2166 Pro
907 2131 1145 2179 conquisitum
1164 2135 1302 2177 autem,

45 2198 171 2234 locum
189 2197 301 2234 illum
320 2197 366 2234 de
385 2196 572 2233 Flaminio
591 2195 806 2244 respiciens,
828 2196 979 2233 mallem
999 2209 1076 2234 eum
1096 2210 1183 2234 cura
1198 2211 1303 2246 quae-

48 2263 169 2301 situm.
212 2263 269 2301 De
288 2275 364 2312 qua
382 2263 545 2299 formula
562 2262 678 2299 Drak.
699 2263 745 2299 ad
764 2262 886 2299 xxvii.
910 2264 969 2299 24.
991 2265 1036 2309 8.,
1057 2263 1223 2300 xxxviii.
1242 2266 1299 2300 18.

50 2330 99 2375 7.,
128 2342 196 2367 nos
214 2329 262 2366 ad
281 2329 436 2368 Sallust.
465 2329 550 2377 Juq.
574 2332 634 2365 54.
