1490 2588
151 180 199 214 28
565 178 982 219 EMENDATIONES

147 282 307 330 ligentia
320 283 558 321 librariorum
572 285 732 332 caperet,
748 286 949 334 utramque
964 298 1043 323 rem
1062 287 1262 334 declarare,
1290 287 1403 325 Varia

149 348 231 384 inde
243 361 371 396 pugna
390 349 668 397 reciprocantes,

207 463 262 469 —
284 438 392 480 Ibid.
428 440 685 491 continuate,
719 442 893 497 “major
917 448 1058 484 tamen
1081 441 1291 484 hostium*
1321 443 1404 484 Ro-

149 510 281 551 manis
301 510 411 551 fama
432 510 629 559 victoriae
657 512 776 553 fuits’

199 596 224 618 ⁹⁶
241 595 449 644 Supplebat
467 596 707 633 Burmannus
726 609 774 634 ex
789 597 946 646 Polybio
971 597 1126 635 hostium
1145 598 1262 635 caedes
1273 613 1288 644 ‚·
1305 601 1406 636 recte

149 663 313 706 eatenus,
337 661 478 709 opinor.
526 661 599 699 Sed
618 662 726 699 credo
740 662 969 699 versiculum
984 663 1176 711 integrum
1195 662 1402 700 excidisse:

148 727 264 775 major
293 729 411 763 tamen
446 727 601 764 hosticam
631 726 770 778 [medes
795 728 992 777 justiorem
1029 727 1230 780 Romanis]
1260 728 1405 777 famam

149 792 321 829 victoriae
334 792 439 840 feeit.
496 793 558 838 Et,
584 793 684 842 quod
709 794 833 842 pergit
860 793 1005 840 Livius,
1032 794 1243 832 “Ceterum
1261 793 1407 831 nemini

150 858 318 894 omnium
331 859 403 907 maj
410 871 450 895 01·
457 859 691 907 justiorque,
707 872 821 908 quam
833 859 907 909 ipsi
919 860 1076 906 consuli,
1092 859 1253 905 videri‚''
1271 859 1406 908 utique

148 923 244 959 mihi
274 924 491 972 persuadeo,
521 924 603 973 jam
634 938 747 973 supra
778 925 941 974 positam
958 926 1155 975 justiorem
1188 938 1318 962 vocem
1347 939 1405 963 rc-

152 989 306 1037 spicere.

206 1094 263 1099 ——-
282 1071 350 1109 54.
373 1070 411 1108 4.
431 1073 458 1093 ‘⁶
476 1067 545 1109 Ita
561 1067 674 1110 mille
696 1068 907 1124 equitibus
928 1069 1146 1125 Magoni*‚
1164 1068 1277 1111 mille
1293 1069 1407 1125 pedi-

151 1137 264 1179 tibus
285 1138 498 1180 dimissis.⁷’

202 1223 226 1246 ἦ
247 1223 424 1272 Suspicor
438 1223 554 1260 etiam
564 1223 634 1260 hoc
647 1224 727 1260 loco
747 1224 872 1261 deesse
886 1224 1116 1262 versiculum
1131 1223 1296 1260 z—mille
1307 1223 1406 1273 equi-

153 1288 257 1334 tibus,
277 1287 363 1339 [quo
375 1293 611 1337 praeceptum
623 1288 722 1340 erat]
743 1290 904 1339 szoui,
920 1290 1019 1327 mille
1030 1289 1218 1339 peditibus
1233 1289 1405 1326 dimissis.

209 1380 308 1421 xxii.
336 1383 372 1421 2.
402 1383 440 1422 6.
472 1380 628 1423 “Galli
657 1396 794 1436 neque
820 1414 828 1421 .
853 1413 860 1421 .
887 1413 896 1422 .
921 1396 1058 1436 neque
1085 1414 1092 1422 .
1118 1412 1127 1421 .
1151 1414 1158 1421 .
1186 1387 1406 1436 poterant;

151 1457 251 1493 aut÷¹÷
273 1466 446 1506 corpora
466 1451 615 1492 animis
637 1456 735 1493 aut*
760 1452 918 1493 animos
933 1467 1005 1508 spe
1022 1452 1322 1494 sustinebant.'’

204 1537 229 1560 ⁹³¹·
248 1559 298 1563 ——
323 1537 348 1560 ⁷²²
378 1537 507 1582 Recte,
548 1535 691 1584 opinor,
729 1536 934 1573 VValkerus
969 1536 1056 1573 vult
1088 1536 1189 1573 haud
1209 1565 1217 1572 .
1239 1563 1247 1570 .
1271 1564 1278 1572 .
1301 1535 1406 1572 haud.

150 1602 235 1639 Etsi
267 1602 478 1650 geminatae
513 1602 721 1650 particulae
751 1602 866 1651 hujus
894 1602 1002 1638 nulla
1024 1601 1099 1638 nisi
1118 1601 1263 1639 Valerii
1282 1601 1409 1638 Flacci

151 1667 325 1715 exempla
349 1667 474 1716 potuit
495 1667 672 1704 Handius
698 1666 841 1713 afferre,
863 1667 945 1703 III.
968 1669 1029 1706 37.
1052 1669 1113 1704 31.
1161 1667 1236 1704 Sed
1253 1666 1410 1704 fortasse

149 1732 311 1769 alterum
331 1733 431 1781 apud
449 1733 631 1770 Nostrum
650 1732 927 1778 agnoscendum
946 1733 1165 1781 exemplum
1190 1734 1247 1770 est
1265 1731 1404 1772 xxviii.

152 1799 213 1835 27.
237 1800 309 1843 11„
332 1797 448 1835 etiam
469 1797 626 1835 tertium
645 1797 755 1835 xxxi.
779 1800 809 1835 1.
836 1801 871 1835 6.

208 1913 263 1920 —-
290 1891 352 1930 12.
373 1892 413 1930 5.
436 1888 591 1942 “quod
606 1903 703 1929 cum
716 1888 822 1930 duce
838 1888 1166 1944 haudquaquam
1187 1921 1194 1928 .
1220 1922 1228 1930 .
1252 1921 1261 1928 .
1284 1888 1408 1930 simili

150 1960 295 2001 futura
319 1958 397 2000 sibi
421 1973 486 2000 res
512 1964 638 2008 esset,
667 1972 715 1999 ac
735 1965 828 1999 tum
849 1959 1020 2000 demum
1045 1991 1051 1999 .
1077 1991 1084 1998 .
1110 1958 1319 2002 ‚Romani
1339 1975 1409 2015 pa-

149 2045 238 2071 rem
260 2029 491 2071 Hannibali
512 2029 662 2070 ducem
683 2029 1008 2084 quaesissent*.''

202 2115 227 2138 Χ·
246 2115 333 2151 Non
364 2114 461 2150 mihi
478 2113 695 2159 verisimile,
728 2113 857 2151 statim
886 2114 1144 2151 Hannibalem
1169 2113 1214 2155 Q.
1246 2113 1409 2150 Fabium

151 2180 223 2217 sibi
252 2180 526 2229 aequiparasse.
582 2180 645 2225 Et,
679 2183 865 2228 quantum
894 2181 1039 2218 abesset
1066 2182 1111 2217 ut
1134 2178 1406 2228 aequipararet,

149 2246 267 2283 vides.
323 2245 423 2282 Nam
455 2249 479 2265 “
495 2245 743 2281 constantiam
769 2246 965 2282 hauddum
991 2249 1170 2294 expertus
1196 2245 1338 2293 agitare
1366 2257 1409 2282 ac

150 2314 294 2348 tentare
321 2310 490 2348 animum
517 2338 525 2346 .
549 2339 557 2347 .
581 2339 588 2346 .
618 2310 753 2359 coepit,
789 2313 890 2349 etc.”
945 2311 1183 2360 Quapropter
1206 2310 1408 2359 gauderem

150 2377 337 2427 equidem,
356 2376 387 2413 si
403 2376 480 2414 cod.
496 2375 635 2425 aliquis
648 2376 755 2413 daret
769 2376 1020 2426 quaesiverant
1033 2388 1100 2425 pro
1115 2376 1347 2426 quaesissent,
1363 2379 1407 2413 ut
