1490 2588
587 169 883 208 HANNIBAL.
1307 172 1353 205 25

114 290 225 318 nunc
246 276 288 316 in
311 275 430 317 tectis
450 275 697 317 militaribus
719 273 887 328 Capuae
903 272 1080 314 hiemem
1100 270 1320 327 exegerint
1336 271 1357 311 P

114 360 154 400 N
157 360 317 402 oluerat
366 358 578 400 Hannibal
628 356 803 400 Casilini
851 355 1108 398 obsidionem
1147 355 1354 397 omittere.

117 444 261 497 Quum
301 458 399 485 vero
446 443 545 484 urbs
593 440 848 483 nobilissima
897 439 1044 494 Capua
1092 445 1178 479 tam
1228 451 1359 493 prope

116 530 289 578 abesset,
312 527 402 570 fieri
421 542 504 568 non
534 531 712 581 poterat,
736 525 835 579 quin
861 524 1013 565 milites
1034 538 1082 565 eo
1103 522 1357 564 confluerent

118 613 318 668 palantes.
391 610 541 665 Itaque
573 610 685 659 fecit,
724 608 882 663 opinor,
922 606 1133 648 Hannibal
1164 606 1208 647 id
1248 606 1359 660 quod

116 696 318 751 optimum
332 695 447 736 factu
467 700 568 742 erat,
593 700 635 734 et
650 693 761 748 quod
778 692 1068 746 imperatorem
1086 690 1274 739 decebat,
1294 697 1356 739 ut,

118 795 239 834 quam
270 794 357 820 rem
376 777 595 833 prohibere
615 790 699 817 non
720 781 874 830 posset,
907 790 997 816 eam
1019 774 1165 828 utique
1194 781 1360 829 regeret

117 871 242 918 atque
262 863 304 903 in
324 861 495 917 imperio
517 875 590 901 suo
611 860 796 901 haberet.
859 859 931 908 Et,
954 858 1026 900 ubi
1047 858 1211 913 culpam
1232 858 1362 899 maxi-

118 962 224 988 mam
251 945 496 987 Hannibalis
527 944 748 999 scriptores
781 943 960 985 Romani
992 942 1227 992 inveniunt,
1258 942 1361 983 nihil

119 1046 197 1087 ego
217 1031 274 1072 ibi
294 1029 374 1071 nisi
394 1028 560 1070 laudem
581 1027 755 1082 reperio.

174 1114 356 1157 Omnino
377 1113 521 1154 fictum
542 1127 694 1166 magna
715 1126 765 1152 ex
788 1117 904 1165 parte
926 1110 1028 1165 (non
1061 1111 1112 1151 ab
1143 1110 1233 1165 ipso
1266 1111 1358 1165 qui-

120 1199 213 1240 dem
239 1197 373 1246 Livio,
404 1197 475 1238 sed
495 1197 546 1238 ab
567 1196 630 1245 iis,
664 1210 766 1250 quos
787 1193 908 1235 nimis
940 1193 1132 1235 credulus
1154 1201 1218 1235 est
1247 1209 1362 1236 secu-

121 1289 223 1335 tus),
246 1296 321 1323 nec
341 1281 464 1321 nimis
496 1279 703 1335 sapienter
723 1279 882 1327 fictum,
906 1277 1062 1318 crimen
1082 1277 1162 1319 hoc
1184 1278 1361 1334 Campa-

121 1381 221 1407 num
242 1379 401 1413 censeo,
424 1364 526 1405 adeo
556 1364 692 1405 hieme
724 1363 805 1404 ista
825 1361 1070 1413 emollitum,
1104 1370 1361 1413 enervatum,

123 1449 404 1490 effeminatum
436 1462 524 1488 esse
547 1446 794 1488 Hannibalis
825 1446 1069 1495 exercitum,
1102 1453 1151 1487 ut
1171 1461 1254 1487 non
1278 1454 1362 1488 tam

124 1532 276 1574 milites
296 1532 407 1581 inde,
432 1547 556 1586 quam
575 1531 797 1572 simulacra
830 1531 1031 1585 quaedam
1067 1530 1250 1572 militum
1270 1546 1360 1572 eva-

124 1616 265 1658 serint.
326 1615 421 1670 Ego
443 1615 692 1657 documenta
711 1615 768 1656 rei
789 1615 967 1670 requiro.
1017 1614 1262 1669 Ecquando,
1283 1616 1363 1658 nisi

124 1700 167 1741 in
187 1699 375 1742 Marcelli
395 1706 491 1740 ante
513 1699 667 1740 Nolam
688 1699 866 1755 proeliis,
882 1699 1090 1741 exercitus
1112 1698 1363 1741 Hannibalis

125 1784 220 1824 duci
241 1783 409 1824 defuit?
468 1782 661 1825 Profecto
683 1783 794 1825 haud
813 1783 905 1824 leve
926 1782 1143 1838 negotium
1166 1790 1266 1832 erat,
1289 1785 1362 1825 mi-

125 1866 234 1907 nime
268 1866 393 1907 ludus
426 1866 629 1921 jocusque
668 1873 756 1908 erat
795 1881 890 1908 cum
923 1866 1159 1908 Hannibale
1191 1868 1362 1923 ejusque

124 1950 309 1992 exercitu
329 1949 452 1991 etiam
473 1957 567 2005 post
597 1950 720 1991 istam
741 1949 997 2005 Campanam
1026 1950 1204 1992 hiemem
1224 1967 1360 2007 agere,

123 2032 166 2073 id
188 2033 299 2087 quod
318 2033 585 2088 imperatores
617 2033 797 2076 Romani
830 2034 952 2075 multi
986 2049 1080 2077 cum
1113 2050 1265 2091 magno
1285 2052 1359 2078 sue

123 2116 362 2171 patriaeque
381 2117 490 2158 malo
506 2132 578 2172 per
593 2117 812 2160 duodecim
826 2133 953 2160 annos
967 2125 1065 2160 sunt
1081 2120 1255 2174 experti.
1286 2120 1358 2171 Et,

122 2201 284 2255 quoties
306 2201 452 2256 Capua
472 2216 538 2243 me
558 2201 752 2243 audiente
769 2201 963 2256 objicitur
982 2201 1222 2253 Hannibali,
1238 2204 1361 2247 toties

124 2298 200 2339 ego
221 2299 429 2339 quaeram,
454 2285 543 2328 Cur
574 2300 658 2327 non
679 2301 778 2340 ergo
809 2300 905 2327 cum
939 2286 1096 2328 evirato
1130 2287 1210 2328 isto
1244 2302 1359 2329 exer-

125 2366 212 2408 citu
231 2369 371 2411 statim
384 2369 636 2412 debellatum
651 2376 714 2412 est
730 2370 751 2411 P
781 2384 854 2411 cur
873 2384 956 2411 non
976 2378 1075 2412 sunt
1094 2371 1361 2426 imperatores

728 2466 749 2495 C
