1490 2588
150 174 197 207 32
637 170 934 207 HANNIBAL.

149 275 294 324 homo;
326 275 370 315 id
387 273 499 329 quod
531 274 735 316 “emollit
757 289 904 324 mores,
927 288 1003 315 nec
1024 272 1124 314 sinit
1144 288 1231 315 esse
1251 274 1398 316 feros.”

149 357 279 399 Adde
311 358 425 412 quod
453 357 672 412 scriptores
700 373 836 399 rerum
866 373 1035 399 suarum
1064 357 1401 399 circumducebat

149 456 289 482 secum
314 441 503 483 Silanum
536 447 578 482 et
602 441 822 489 Sosilum*,
853 448 896 482 et
918 441 1042 482 crede
1064 439 1169 481 nihil
1201 455 1398 495 umquam

150 525 306 574 fecisse,
331 525 443 579 quod
459 524 591 566 nollet
612 525 898 566 observatores
919 524 1020 565 istos
1039 524 1082 565 in
1110 523 1398 565 commentari-

148 623 192 649 os
214 608 377 649 referre.
430 607 626 663 Denique
650 608 846 661 maritus†
868 615 910 650 et
931 611 1071 663 pater†
1092 614 1194 649 erat.
1247 606 1362 661 Quid
1377 607 1397 648 ⁸?

148 706 284 732 nonne
318 691 554 733 humanitas
599 691 845 733 Hannibalis
885 690 1107 747 singularis
1139 697 1228 733 erat
1266 691 1396 746 impe-

147 784 304 817 ratores
334 775 549 817 Romanos
575 791 714 818 caesos
745 791 819 831 per
849 782 1029 831 stragem
1060 790 1279 830 corporum
1301 790 1396 816 cum

145 874 244 900 cura
274 860 524 914 inquirentis
556 867 599 901 et
634 860 858 901 honorifice
894 860 1109 915 sepultura
1147 857 1396 901 afficientis?

147 946 300 987 Confer
320 946 422 986 mihi
443 946 746 988 humanitatem
771 947 878 987 hanc
898 962 993 988 cum
1020 946 1237 988 atrocitate
1263 946 1396 987 detes-

146 1031 262 1072 tabili
293 1040 334 1071 et
365 1045 595 1084 numquam
628 1031 727 1071 satis
763 1031 1014 1072 exsecranda
1047 1030 1097 1073 C.
1123 1030 1288 1071 Claudii
1313 1029 1396 1071 Ne-

144 1114 291 1163 ronisss,
334 1129 418 1168 qua
457 1121 584 1169 caput
625 1114 901 1156 Hasdrubalis
936 1114 1141 1156 abscisum
1176 1122 1273 1156 ante
1313 1124 1395 1156 sta-

146 1199 280 1241 tiones
314 1199 564 1240 Hannibalis
598 1199 737 1240 fratris
773 1199 993 1254 projecerit
1024 1206 1067 1240 et
1096 1198 1256 1240 facinus
1292 1199 1395 1239 mili-

144 1291 231 1325 tare
253 1299 375 1324 suum
396 1282 614 1339 egregium
635 1283 958 1325 commacularit.
1011 1282 1070 1323 Et
1092 1282 1394 1324 humanitatem

144 1370 314 1424 quidem
338 1368 586 1410 Hannibalis
606 1376 719 1409 recte
739 1367 930 1423 agnoscit
948 1366 1145 1408 Valerius
1167 1367 1392 1422 Maximus.

149 1453 233 1495 Sed
273 1453 384 1493 idem
425 1452 551 1492 etiam
587 1451 847 1493 crudelitatis
882 1452 933 1493 ab
970 1450 1207 1492 Hannibale
1241 1451 1395 1506 repetit

143 1535 337 1591 exempla
374 1535 467 1590 (qui
506 1543 647 1576 tamen
683 1536 772 1584 hoc,
817 1549 900 1589 quo
941 1535 994 1576 de
1035 1541 1121 1576 tam
1161 1535 1393 1577 incredibili

141 1620 304 1675 agimus
325 1619 527 1674 exemplo,
551 1618 687 1660 noluit
707 1619 806 1674 uti).
867 1618 1027 1660 Mirum
1047 1619 1082 1660 si
1099 1625 1185 1659 tam
1206 1619 1392 1660 diversae

141 1704 250 1745 inter
280 1717 323 1744 se
353 1717 418 1744 res
447 1701 491 1742 in
521 1717 604 1743 uno
635 1709 733 1742 sunt
763 1701 971 1743 inventae.
1032 1701 1100 1742 De
1133 1701 1392 1744 humanitate

188 1817 206 1834 ἕ
232 1814 334 1852 Nepos
348 1813 382 1842 in
396 1813 472 1842 Vita
487 1822 513 1843 c.
530 1813 579 1841 13.

185 1874 206 1907 †
230 1871 298 1900 Liv.
317 1870 413 1900 xxiv.
436 1871 487 1898 41.
507 1871 546 1905 7.,
564 1868 656 1898 Silius
672 1868 714 1898 iii.
732 1870 793 1904 63„
808 1869 847 1897 iv.
869 1871 939 1899 771.

185 1927 203 1966 ζ
228 1927 295 1955 Liv.
313 1926 416 1955 xxvii.
435 1926 484 1955 51.
504 1926 540 1954 11
557 1925 631 1953 :—“
645 1922 678 1954 C.
697 1924 842 1954 Claudius
869 1948 1049 1955 .....
1080 1929 1173 1963 caput
1190 1925 1391 1966 Hasdrubalis

141 1983 223 2021 quod
238 1986 395 2012 servatum
411 1991 479 2010 cuin
495 1990 567 2010 cura
577 1981 740 2019 adtulerat,
757 1981 863 2019 projici
881 1985 951 2010 ante
966 1981 1101 2011 hostium
1117 1980 1261 2010 stationes
1289 2005 1296 2012 .
1330 2002 1340 2012 .
1375 2005 1382 2012 .

137 2038 265 2077 jussit.’'
314 2039 399 2068 Haec
414 2039 508 2076 igitur
526 2038 632 2066 Livius
655 2038 847 2067 atrocitatem
863 2037 905 2066 rei
921 2037 1044 2066 minime
1067 2046 1243 2075 agnoscens,
1267 2036 1390 2066 minime

140 2095 295 2123 conferens
317 2086 410 2131 quain
436 2093 527 2131 longe
552 2093 706 2122 Hannibal
730 2092 827 2121 alium
850 2101 881 2121 se
904 2093 935 2121 in
958 2092 1052 2121 caesis
1074 2092 1304 2130 imperatoribus
1327 2092 1388 2120 Ro-

140 2151 240 2179 manis
256 2149 444 2179 ostendisset.
493 2148 537 2178 At
552 2158 648 2186 nuper
662 2149 793 2186 exstitit,
820 2149 871 2188 qui
888 2149 1031 2185 studeret,
1056 2148 1177 2178 sublato
1191 2148 1320 2178 Neronis
1334 2157 1388 2177 no-

142 2207 222 2235 mine
249 2210 407 2243 tamquam
435 2206 474 2234 ad
501 2206 674 2244 gregarium
699 2205 831 2243 aliquem
855 2204 978 2243 ingenio
1007 2214 1061 2234 suo
1090 2204 1298 2243 indulgentem
1321 2213 1384 2234 rem

140 2266 271 2292 atrocem
298 2261 580 2291 transferre—“A
596 2262 713 2291 Roman
739 2266 792 2290 cut
817 2261 862 2289 off
883 2262 934 2290 the
958 2261 1032 2290 head
1063 2261 1096 2290 of
1115 2260 1300 2297 Hasdrubal,
1326 2261 1387 2290 and

134 2318 310 2347 afterwards
324 2317 413 2356 flung
427 2317 452 2346 it
468 2317 530 2346 into
540 2318 592 2346 the
604 2327 690 2355 camp
706 2317 740 2346 of
753 2316 941 2347 Hannibal.''
980 2315 1129 2346 Schmitz'
1144 2316 1229 2346 Hist.
1243 2315 1388 2355 qsRome,

138 2384 166 2413 p.
182 2375 254 2404 250.
301 2374 370 2404 Hoc
385 2383 456 2412 ergo
473 2377 517 2403 est
529 2374 686 2412 juventuti
703 2374 861 2404 historiam
879 2372 1012 2404 tradere!
