1490 2588
341 148 525 184 OPERA
555 146 773 182 HENRICI
797 146 956 181 ALANI
981 145 1259 181 LITERARIA

577 222 671 250 JAM
687 221 825 249 EDITA
849 221 1021 250 SUNT:—

728 293 854 311 ——0--

786 352 801 381 Ι

173 410 397 441 DOCTRINA
413 408 683 439 COPULARUM
700 407 897 439 LINGUAE
913 406 1121 443 LATINAE3
1145 407 1210 436 sive
1225 406 1262 436 de
1284 406 1316 436 vi
1332 409 1424 444 atque

233 472 285 490 usu
303 464 463 495 elegantiori
486 463 687 488 Particularum
708 464 731 487 A
747 463 774 493 C,
800 463 825 487 A
838 462 860 486 Τ
871 462 892 492 Q
905 462 969 493 UE,
997 461 1058 492 ET,
1075 476 1087 480 -
1102 462 1121 492 Q
1135 461 1159 486 U
1163 461 1192 492 E,
1218 460 1305 491 deque
1330 465 1424 485 earum

234 510 364 538 formulis,
378 509 603 534 Commentarius.
635 508 673 532 12.
686 507 820 536 Londinii,
833 507 900 531 1830.

780 566 824 597 ΙΙ.

184 625 218 655 C.
247 624 471 655 SALLUSTII
487 623 629 654 CRISPI
644 623 681 653 de
697 623 848 653 Catilinae
865 621 1083 661 conjuratione
1098 621 1194 659 deque
1209 620 1295 650 Bello
1309 619 1329 650 J
1333 629 1425 657 ugur-

232 679 310 703 thino
326 679 396 703 libri.
438 678 519 703 Codd.
539 678 648 708 scriptis
665 677 746 701 simul
763 677 956 708 impressisque
979 676 1162 706 quadraginta
1178 675 1295 706 amplius
1321 674 1426 699 collatis
1479 675 1490 678 ’

233 724 376 753 recensuit,
393 726 435 748 etc.
470 724 508 748 12.
526 723 594 747 lbid.
614 723 683 746 1832.
764 755 815 784 HI

172 815 215 844 M.
246 813 394 844 TULLII
421 811 653 843 CICERONIS
677 812 714 841 de
744 811 866 840 Natura
890 810 1023 840 Deorum
1044 809 1114 840 libri
1136 813 1205 839 tres.
1262 806 1426 840 codicibus

234 868 320 893 Musei
338 867 488 892 Britannici
515 866 619 891 collatis
635 872 685 891 sex
707 865 845 890 recensuit
865 866 949 895 atque
965 864 1244 889 animadversionibus
1266 862 1368 888 criticis
1384 863 1426 886 in·

234 913 375 938 struxit-.
409 913 446 936 12.
462 911 531 936 Ibid.
545 911 612 935 1836.

769 955 827 986 IV.

345 1030 685 1037 ——--—————
701 1011 737 1041 de
753 1011 951 1041 Divinatione
966 1010 1035 1041 libri
1051 1012 1126 1047 duo3
1153 1010 1290 1050 ejusdem
1301 1009 1376 1040 liber
1388 1010 1425 1040 de

233 1069 252 1092 F
255 1071 308 1092 ato.
326 1068 396 1093 Cum
407 1067 551 1092 Codicibus
563 1066 716 1091 Harleiauis
727 1066 842 1090 contulit
855 1067 937 1096 atque
949 1065 1142 1090 emendavit-.
1177 1065 1214 1089 12.
1230 1064 1301 1089 Ibid.
1315 1064 1383 1089 1839.

778 1126 818 1156 V.

173 1183 485 1218 CONJECTURAE
500 1183 848 1221 Animadversionesque
864 1181 996 1212 Criticae
1010 1182 1042 1211 in
1057 1182 1099 1211 M.
1119 1179 1250 1212 Cornelii
1265 1181 1425 1211 Frontonis

233 1242 262 1265 et
279 1240 313 1264 M.
331 1238 435 1264 Aurelii
453 1238 626 1268 Imperatoris
642 1237 780 1267 Reliquias
795 1243 812 1261 a
832 1236 865 1261 V.
883 1236 911 1261 C.
929 1236 1034 1267 Angelo
1051 1236 1122 1260 Maio
1146 1242 1217 1261 anno
1233 1241 1424 1260 mcccxxm.

237 1285 339 1310 Romae
353 1285 440 1309 editas
451 1283 596 1308 auctiores.
630 1282 653 1306 S.
670 1281 803 1310 Dubh'm‘i,
816 1281 884 1305 1841.

769 1342 826 1371 VI.

173 1404 216 1433 M.
233 1401 382 1432 TULLII
401 1399 632 1432 CICERONIS
653 1399 689 1428 de
705 1398 819 1428 Officiis
834 1398 905 1428 libri
919 1401 987 1427 tres.
1033 1397 1227 1436 Emendavit,
1243 1401 1275 1428 et
1294 1398 1424 1428 adnota-

234 1457 310 1482 tione
321 1456 396 1481 brevi
409 1456 504 1480 critica
515 1461 547 1479 ac
562 1453 723 1485 philologica
739 1453 913 1478 instruxit--.
946 1452 983 1476 12.
1001 1452 1071 1477 Ibid.
1090 1452 1159 1477 1842.

759 1511 834 1543 VII.

699 1569 776 1600 Cato
789 1569 891 1607 Major
902 1568 966 1597 sive
978 1568 1014 1597 de
1030 1568 1194 1598 Senectute
1203 1568 1301 1599 Liber.
1327 1568 1421 1599 Codd.

235 1627 307 1652 MSS.
325 1627 431 1651 duobus
446 1626 501 1650 suis
513 1625 617 1649 collatis
633 1624 776 1654 recensuit,
795 1624 995 1648 commentatus
1016 1625 1057 1647 est
1075 1625 1134 1647 tum
1151 1623 1244 1648 critice
1262 1624 1322 1647 tum
1338 1623 1425 1653 philo-

235 1673 359 1702 logice—.
393 1671 430 1695 12.
449 1670 519 1694 Jbicl.
533 1670 601 1694 1852.

749 1709 844 1738 VIII.

710 1765 830 1795 Laelius
853 1765 916 1794 sive
938 1765 975 1793 de
999 1764 1147 1794 Amicitia
1172 1764 1270 1794 Liber.
1326 1764 1421 1794 Codd.

234 1825 307 1849 MSS.
319 1824 407 1848 tribus
419 1823 474 1848 suis
484 1821 589 1846 collatis
600 1820 775 1845 recensuit—.
809 1819 846 1843 12.
863 1819 881 1843 I
883 1819 933 1843 bid.
952 1819 1020 1843 1853.

768 1879 828 1909 IX.

112 1968 121 1977 s
174 1937 516 1971 EMENDATIONES
543 1935 812 1967 NONNULLAE
838 1935 868 1964 in
894 1934 1047 1973 Epistolas
1071 1934 1223 1966 Ciceronis
1248 1944 1326 1974 quae
1352 1939 1425 1965 sunt

234 1997 280 2020 Ad
291 1996 452 2020 anilz'ares
463 1995 491 2018 et
501 1993 547 2017 Ad
557 1993 675 2017 Atticum
686 1991 794 2015 missae.
823 1989 965 2014 Accedunt
976 1989 1005 2013 ⁴111
1021 1989 1175 2020 fragmenta
1188 1989 1234 2014 illa
1244 1989 1307 2014 libri
1319 1989 1424 2015 Cicero-

234 2041 277 2065 nis
287 2041 325 2064 De
336 2040 410 2069 Fato.
421 2045 489 2069 quae
501 2044 589 2068 nuper
606 2036 735 2061 Modenae
752 2035 825 2059 edita
837 2036 907 2063 sunt.
922 2034 1138 2064 Observationes,
1154 2041 1259 2059 necnon
1269 2035 1425 2060 Fasciculus

236 2085 465 2109 Emendationum
481 2084 509 2107 in
523 2083 671 2113 Scriptores
683 2081 776 2104 varios.
811 2079 850 2104 12.
868 2079 935 2103 Ibid.
954 2080 1021 2104 1854.

780 2139 819 2168 X.

173 2202 215 2231 M.
240 2199 386 2231 TULLII
411 2197 642 2229 CICERONIS
659 2197 696 2226 de
712 2195 838 2225 Finibus
854 2194 1009 2225 Bonorum
1033 2199 1063 2225 et
1078 2195 1231 2225 Malorum
1248 2194 1316 2224 libri
1333 2195 1422 2233 quin-

234 2262 293 2286 que.
328 2255 365 2279 12.
384 2254 453 2278 Ibid.
467 2254 535 2277 1856.
795 2286 843 2315 XI

173 2342 532 2376 OBSERVATIONES
548 2343 579 2372 in
593 2343 672 2372 Loca
688 2342 816 2381 Aliquot
832 2340 995 2372 Ciceronis.
1031 2340 1189 2369 Accedunt
1205 2340 1234 2368 in
1252 2337 1419 2374 Caesarem,

234 2399 405 2429 Frontonem,
421 2398 544 2428 Gellitun,
559 2398 675 2422 Plinium
688 2396 827 2422 nonnulla.
862 2396 902 2421 12.
920 2395 989 2420 Ibid.
1010 2394 1080 2419 1863.
