1490 2588
581 186 876 224 HANNIBAL.
1295 188 1340 222 17

102 290 180 330 bus
200 289 344 329 attrita
373 296 473 330 erat.
535 288 617 330 Sed
646 289 860 344 pluribus*
882 289 1008 330 etiam
1034 295 1125 330 tum
1146 303 1189 330 se
1211 288 1344 329 Roma

100 372 337 413 hominibus
365 380 528 427 poterat
548 373 668 421 tueri,
700 388 826 427 quam
848 372 1061 414 Hannibal
1081 379 1244 427 poterat
1271 387 1344 427 op-

100 471 301 511 pugnare.
354 455 412 497 Et
433 456 718 510 unusquisque
739 463 1023 512 propugnator
1041 456 1159 498 facile
1180 463 1344 510 poterat

101 548 246 582 contra
266 547 405 581 ternos
427 547 535 581 stare
556 547 877 596 oppugnatores.

157 622 423 677 Quapropter
450 624 678 673 credamus,
714 639 837 679 opera
857 639 931 664 sua
950 623 991 664 in
1014 623 1170 678 proelio
1190 631 1341 664 navata

100 705 254 746 elatum
289 705 589 755 Maharbalem,
625 714 668 748 et
700 707 822 748 simul
850 706 1049 747 mollitiae
1070 706 1112 746 in
1131 721 1175 747 re
1199 706 1338 746 Trasi-

98 791 208 831 meni
241 790 478 831 memoriam
499 790 636 832 delere
657 791 907 846 cupientem,
940 791 1053 831 inani
1088 790 1340 845 promptitu-

98 873 204 914 dinis
240 873 516 914 ostentatione
551 889 673 915 usum
703 889 802 916 esse.
862 873 922 914 Et
943 888 1009 914 me
1030 874 1198 928 quidem
1221 889 1340 914 num·-

96 971 220 1010 quam
242 957 471 1010 poenitebit
501 971 595 998 cum
627 957 864 999 Hannibale
897 957 1048 1012 potius,
1084 973 1207 1011 quam
1243 974 1338 999 cum

98 1040 374 1088 Maharbale‚†
396 1041 562 1082 sentire.

139 1139 157 1154 ’χ’
181 1140 251 1168 Vid.
270 1138 342 1169 Mac
354 1139 496 1177 Dougall,
517 1150 541 1177 p.
563 1141 631 1169 105.

140 1196 156 1233 †
180 1196 285 1225 Mirari
301 1196 380 1229 licet,
401 1196 490 1224 Livio
512 1197 633 1234 quidem
651 1200 793 1225 narrante
813 1195 895 1236 (nam
911 1197 1068 1234 superbiae
1083 1201 1174 1234 atque
1186 1198 1336 1234 impoten-

94 1253 154 1281 tiae
170 1252 347 1290 exemplum
363 1252 487 1281 Valerio
513 1257 557 1281 est
573 1253 646 1291 res),
664 1253 843 1290 patientiam
861 1253 970 1281 summi
988 1253 1185 1290 imperatoris,
1203 1263 1263 1291 qua
1279 1254 1335 1281 im-

95 1309 310 1345 portunitatem
327 1308 467 1345 praefecti
491 1309 537 1337 sui
553 1308 657 1337 tulerit
679 1318 776 1346 neque
795 1309 920 1346 jusserit
942 1308 1029 1337 illum
1052 1318 1142 1347 equos
1165 1310 1245 1338 viros
1268 1320 1336 1338 suos

95 1365 227 1402 integros
244 1365 360 1394 saucios
375 1373 464 1393 curae
480 1365 598 1401 habere,
617 1364 686 1393 belli
701 1365 823 1403 gerendi
839 1366 989 1394 rationem
1005 1366 1061 1402 ipsi
1078 1367 1258 1403 permittere.
1293 1368 1335 1395 At

93 1421 215 1450 omnino
230 1421 261 1449 in
272 1420 564 1449 verisimilitudinem
581 1426 694 1458 peccat,
712 1421 922 1451 Maharbalem
933 1423 1003 1450 dum
1018 1423 1091 1451 facit
1101 1423 1138 1451 ad
1154 1424 1334 1452 sententiam

94 1477 178 1506 illam
210 1478 402 1506 Homericam
432 1478 662 1514 respondentem
677 1480 749 1507 :—“
761 1479 831 1507 Non
861 1479 964 1507 omnia
993 1480 1135 1508 nimirum
1166 1481 1261 1508 eidem
1293 1482 1334 1508 dii

94 1534 228 1562 dedere.'’
275 1532 411 1572 (Poterat
428 1534 587 1562 Homerice
613 1539 643 1563 et
668 1534 824 1564 Hannibal
841 1545 968 1573 quoque,
994 1540 1023 1564 et
1049 1537 1168 1573 quidem
1193 1546 1336 1573 personae

93 1599 164 1618 suae
179 1590 417 1625 convenientius,
436 1600 528 1627 quum
553 1590 667 1620 Graece
690 1591 880 1620 doctissimus
903 1596 999 1620 esset:
1026 1601 1115 1629 quem
1139 1593 1259 1630 quidem
1283 1603 1334 1621 ve—

93 1646 217 1674 risimile
233 1650 278 1675 est
299 1646 391 1675 etiam
414 1647 445 1675 in
469 1647 525 1675 hoc
547 1647 762 1676 Alexandrum
786 1656 850 1676 esse
873 1652 1019 1685 secutum,
1046 1647 1213 1677 Homerum
1232 1653 1264 1677 ut
1287 1650 1335 1679 die

94 1707 179 1731 nocte
194 1703 334 1732 manibus
359 1706 486 1732 tereret:
511 1706 629 1740 poterat
653 1708 756 1732 autem
771 1705 845 1732 ;-“
858 1704 927 1732 Non
951 1705 1063 1732 bonum
1080 1714 1143 1733 esse
1169 1705 1333 1734 multorum

93 1758 303 1795 principatum,
323 1768 416 1787 unum
432 1763 570 1796 oportere
584 1757 778 1799 imperare.”)
826 1759 985 1797 Magisque
1000 1760 1163 1798 aliquanto,
1176 1765 1210 1788 ut
1220 1762 1332 1798 opinor,

93 1814 213 1851 ingenio
226 1814 320 1850 ipsius
336 1815 559 1843 accommodate
585 1815 712 1851 scriptor
727 1815 850 1852 quidam
867 1816 1050 1844 dramaticus
1073 1816 1230 1853 Anglicus‚
1247 1819 1334 1855 cujus

94 1878 202 1898 nomen
219 1879 273 1907 ego
287 1879 346 1898 non
364 1871 471 1907 accepi,
488 1870 560 1899 facit
575 1880 643 1899 cum
661 1870 764 1900 Silano
780 1871 997 1909 colloquentem
1014 1872 1223 1902 Maharbalem
1238 1884 1290 1902 :—

348 1926 392 1954 ⁴⁶1
409 1935 481 1963 pray
499 1931 553 1964 put
569 1936 607 1955 no
624 1928 682 1955 fine
697 1928 838 1964 speeches
854 1929 883 1956 in
902 1938 948 1965 my
967 1930 1071 1957 mouth
1090 1929 1096 1957 !

306 1980 322 1994 “
336 1980 424 2009 Plain
440 1990 523 2010 sense
538 1982 583 2010 for
598 1991 644 2010 me
657 1981 663 2010 !
689 1981 734 2011 I’d
750 1987 828 2012 start
843 1989 898 2012 out
913 1985 945 2012 of
956 1994 1005 2022 my
1022 1995 1123 2022 grave,

308 2039 325 2051 ‘⁴
336 2036 367 2064 If
380 2046 524 2074 anyssman
540 2038 646 2066 should
664 2039 752 2067 think
769 2039 783 2067 Ι
801 2041 905 2076 prosed
924 2041 954 2068 in
971 2039 1102 2071 Greek.''

94 2092 150 2121 Cui
164 2092 205 2121 sic
223 2092 342 2121 Silanus
355 2103 406 2122 :—

307 2151 324 2163 ⁴⁴
337 2148 412 2177 Fear
428 2154 522 2178 not—
539 2150 553 2178 Ι
571 2150 648 2179 shall
664 2150 731 2179 deal
747 2151 881 2189 tenderly
898 2153 971 2181 with
989 2153 1064 2182 thee.

306 2205 324 2218 “
340 2204 388 2232 ΙἸΙ
401 2204 454 2233 tell
470 2206 618 2243 posterity
634 2206 702 2235 that
718 2207 791 2235 thou
808 2207 934 2236 could'st
949 2209 1012 2237 ride

307 2262 324 2274 ‘⁴
338 2261 380 2288 As
396 2260 462 2289 well
478 2270 512 2289 as
527 2270 544 2289 a
559 2261 886 2292 Numidian—couldst
904 2265 991 2293 much
1008 2267 1104 2295 better

305 2318 323 2331 ⁴⁵
334 2315 518 2345 Manoeuvre
533 2317 658 2355 cavalry
673 2318 718 2346 for
730 2318 894 2356 Hannibal,

308 2376 327 2387 ‘⁴
339 2373 424 2401 Thau
441 2374 638 2410 comprehend
655 2384 693 2402 an
705 2375 802 2411 epic.'’

693 2428 898 2491 HgNNIBAL,
912 2437 927 2454 a
940 2431 1045 2461 Drama,
1060 2439 1083 2462 p.
1100 2433 1149 2457 140.
1164 2433 1244 2457 Lond.
1260 2435 1326 2458 1851.

674 2474 697 2499 Β
723 2469 745 2500 Ζ.
