1490 2588
163 220 183 252 8
422 216 845 256 EMENDATIONES
873 216 1137 257 LIVIANAE

217 323 355 364 -18,
387 327 427 363 4.
462 329 573 363 “me
599 322 688 376 jam
724 336 809 363 non
842 322 1081 373 eumdem*
1116 325 1188 366 sed
1222 326 1413 368 umbram

159 400 398 447 nomenque
421 392 470 433 P.
493 392 687 434 Licinii.''

212 478 236 502 ἦ
255 478 415 515 Mallem
435 491 470 515 n.
493 478 608 515 eumd.
628 477 676 516 P.
699 478 899 515 Lz'ez'm'um.

219 597 270 602 --
291 570 359 611 42.
378 573 415 615 7.
437 569 601 624 collem,
621 570 834 612 libertati*
856 571 1088 616 relictum.''

211 657 235 679 ⁹⁵
253 655 285 692 F
288 658 356 693 ort.
377 655 498 693 collem
519 655 651 707 [uuum
670 655 850 707 columen]
873 656 1067 695 libertatis.

212 777 269 782 —
285 752 352 790 44.
376 751 411 789 2.
440 755 468 774 “
489 748 741 791 conditionis
763 764 877 791 meae
898 749 1075 791 oblitum
1097 749 1285 791 me*—.’'

209 834 233 856 ÷÷
252 832 394 870 Deficit
412 833 453 869 in
472 833 562 870 Lov.
585 837 619 870 5.
641 846 862 882 pronomen.
909 834 1038 872 Scribe
1057 836 1156 872 cond.
1170 848 1224 872 me
1238 848 1334 872 meae
1346 834 1412 872 obl.

153 898 252 937 Vide
264 899 444 937 Ememld.
466 900 578 949 prior.
598 913 632 949 p.
658 903 740 946 18.;
772 900 866 938 adde
886 901 970 938 Ter.
993 901 1112 938 Andr.
1132 902 1157 938 i.
1184 904 1213 938 1.
1237 904 1334 947 126„
1354 901 1410 938 iii.

158 968 192 1002 5.
213 968 245 1004 3.

211 1057 307 1098 —7.
342 1062 368 1081 “
386 1056 521 1112 capite
542 1072 655 1099 arma
675 1057 941 1112 frequentes*
963 1073 971 1098 ε
1005 1074 1070 1100 me
1092 1059 1409 1115 sequimini—3¹

206 1143 230 1165 ’²²
248 1141 381 1178 Potius
397 1155 461 1178 2—
480 1154 508 1178 e.
531 1154 562 1179 a.
580 1157 592 1187 ;
612 1141 648 1190 f.
671 1155 716 1178 m.
738 1155 765 1178 8.

211 1260 265 1265 —-
286 1236 354 1275 54.
398 1239 435 1276 3.
490 1241 517 1260 ‘⁶
541 1234 890 1289 quotiescumque
931 1234 1089 1290 patria*
1139 1234 1182 1275 in
1223 1242 1408 1276 mentem

154 1304 355 1346 veniret.''

207 1392 230 1414 ⁷²²
246 1391 347 1427 Fort.
361 1391 513 1438 patriae
527 1404 538 1425 :
566 1390 670 1427 vidd.
692 1391 857 1439 interpp.
880 1390 927 1427 ad
950 1389 1026 1426 viii.
1051 1394 1086 1426 5.
1112 1393 1170 1427 10.

213 1482 266 1523 vi.
292 1486 329 1523 3.
351 1484 387 1523 7.
413 1488 439 1508 “
457 1482 491 1523 si
512 1498 597 1537 qua
616 1482 723 1523 forte
746 1483 814 1524 se*
836 1483 879 1523 in
901 1498 1023 1538 agros
1037 1482 1184 1537 ejicere
1204 1484 1410 1538 possent.'’

210 1568 233 1591 'ff‘
254 1567 447 1604 Omittunt
467 1567 572 1604 codd.
593 1571 669 1605 tres
688 1579 904 1616 pronomen.
953 1568 1050 1605 Vide
1071 1568 1118 1605 ad
1129 1568 1266 1611 xxviii.
1290 1572 1323 1606 6.
1347 1573 1407 1607 10.

212 1685 266 1689 ——
288 1664 326 1700 4.
343 1663 383 1704 9.
410 1666 436 1684 ‘⁶
453 1659 667 1714 direptum
681 1659 883 1714 oppidum
900 1666 1053 1714 atque*
1071 1660 1287 1701 incensum
1302 1659 1406 1702 est.'’

210 1744 231 1765 ξ
247 1745 400 1782 Omittit
412 1745 584 1794 copulam
597 1745 686 1782 LOV.
701 1749 736 1781 4.
755 1758 776 1781 a
788 1758 844 1793 pr.
858 1758 907 1781 m.
920 1760 928 1790 ;
950 1745 1198 1794 incensumque
1209 1745 1309 1783 idem
1325 1759 1346 1783 a
1357 1759 1406 1784 m.

156 1814 189 1846 2.
214 1815 251 1847 et
270 1810 399 1849 Veith.
454 1811 552 1848 Vide
571 1811 618 1847 ad
639 1811 795 1848 Sallust.
818 1811 902 1860 εἶαρ.
926 1814 986 1848 54.
1001 1824 1036 1847 n.
1062 1814 1118 1848 16.

211 1927 267 1932 —-
281 1903 317 1943 8.
344 1904 380 1944 5.
399 1909 567 1957 “quum
581 1902 711 1958 ipsius
726 1902 893 1945 Camilli
910 1902 1041 1944 forte*
1057 1902 1196 1944 oblata
1212 1903 1405 1958 species.'’

205 1974 230 1997 ⁷²
251 1974 380 2011 Scribe
408 1975 445 2011 in
463 1976 601 2023 fronte.
634 1975 773 2011 Contra
787 1975 917 2023 fronte
941 1987 1008 2022 pro
1025 1974 1126 2022 forte
1155 1975 1260 2011 codd.
1292 1975 1405 2012 multi

155 2039 223 2076 inf.
247 2043 282 2075 9.
310 2043 368 2077 10.

210 2135 306 2174 —9.
335 2134 382 2171 10
407 2137 569 2186 “porta
589 2136 673 2182 se&
697 2146 804 2186 quae
828 2163 1067 2182 ........
1091 2132 1288 2186 ejecere.'’

206 2216 287 2252 ⁷³²Si
314 2216 493 2253 audiendi
521 2221 609 2254 sunt
629 2218 734 2255 codd.
762 2218 908 2266 aliquot
937 2230 1050 2266 supra
1075 2220 1108 2255 3.
1136 2219 1170 2256 7.
1198 2230 1404 2266 pronomen

153 2281 384 2326 omittentes,
399 2285 483 2318 tum
502 2283 539 2318 h.
558 2283 583 2318 l.
605 2283 791 2333 conjicere
809 2283 941 2321 licebit
958 2286 1144 2332 z—porta,
1160 2296 1206 2321 se.
1223 2283 1402 2333 (scilicet)

154 2360 303 2396 quae—.
326 2347 423 2384 Vide
451 2347 547 2384 Obss.
573 2349 609 2385 in
634 2349 737 2388 Cart.
758 2362 795 2398 p.
819 2352 878 2386 31.
