1490 2588
155 160 202 196 74
690 161 878 199 INDEX.

151 267 322 304 Chiasmus,
340 267 402 303 46„
423 267 472 296 64.

151 310 279 341 CICERO
292 321 297 339 :
309 309 406 338 —ad
423 311 568 345 Herenn„
600 310 671 345 45.;
708 310 745 339 de

197 353 296 391 Orat„
315 354 375 389 38„
400 354 470 386 44.;
497 353 596 387 Brut„
613 353 686 390 30.;
707 363 742 391 p.

191 398 282 426 Rosc.
300 396 349 431 A„
368 397 431 431 40„
449 397 499 425 42.
513 405 520 432 ;
536 396 568 424 in
588 395 684 432 Verr„
703 397 743 432 5.,

191 441 254 476 21.,
271 440 322 469 40.
340 439 395 468 bis.
415 440 475 476 61„
495 440 565 475 62„
582 448 617 477 p.
641 438 742 477 Caec„

191 484 241 512 20.
255 494 261 519 ;
277 492 309 520 p.
327 483 362 511 L.
382 483 508 519 Manil„
525 483 572 511 18.
586 491 593 518 ;
608 492 640 520 p.
654 482 743 521 Bab„

191 526 229 554 P.
248 527 298 561 R„
315 527 364 555 40.
380 535 434 563 ;p.
452 525 573 561 Flacco,
596 526 657 560 48„
677 525 742 561 61.;

188 579 221 607 p.
241 568 337 605 Sulla,
356 570 425 606 39.;
451 569 483 596 in
506 569 619 606 Vatin„
638 570 687 604 5.;
707 579 742 607 p.

197 611 293 648 Cael„
318 613 388 648 43.;
409 621 443 650 p.
470 611 550 649 Mil„
580 613 643 648 36„
671 612 742 647 48.;

191 655 342 693 Philipp„
359 656 419 691 10„
436 655 495 692 13„
508 656 574 692 20.;
588 656 632 684 ad
642 655 741 692 Fam„

190 700 255 736 42„
282 699 354 736 49.;
379 698 425 727 ad
458 700 492 734 Q.
522 698 585 736 Fr„
609 699 677 733 42„
701 699 746 728 ad

190 742 268 779 Ate„
285 742 335 771 46.
350 751 357 778 3
375 741 486 778 Acad„
509 742 557 770 13.
573 751 580 779 ;
607 741 644 772 de
662 741 742 780 Fin„

192 786 253 822 10„
280 786 341 820 12„
361 786 420 820 14„
440 786 500 821 15„
521 785 659 823 16.‚17.‚
679 786 741 823 21„

189 829 251 865 24„
291 829 353 863 25„
393 829 455 865 34„
494 829 556 863 45.,
597 829 657 864 51.,
689 829 740 858 53.

189 876 307 909 quater,
331 872 392 908 54„
419 872 479 907 55„
505 872 567 905 59„
594 873 654 908 61„
681 873 741 908 65„

191 916 253 953 66„
280 916 341 953 68.,
375 916 424 945 70.
450 914 516 949 bis;
547 914 646 952 Tusa„
681 916 740 952 17.,

190 958 252 996 23.,
279 959 341 994 25„
365 958 436 992 40.;
473 958 510 986 de
532 957 620 995 Rep„
647 959 685 994 2„
713 960 739 988 6.

188 1001 244 1039 bis,
265 1002 334 1037 18.;
354 1001 390 1030 de
408 1000 491 1039 Ley„
511 1002 561 1036 6.;
580 1001 617 1029 de
628 1000 670 1030 N.
687 1000 739 1037 D„

190 1046 250 1081 12„
277 1046 339 1082 16„
364 1045 425 1080 23.,
451 1045 512 1081 25„
535 1044 585 1072 42.
605 1044 658 1081 bis,
677 1046 739 1081 53„

188 1089 249 1125 58„
267 1089 336 1124 59„
355 1088 392 1116 de
409 1087 496 1123 Div„
515 1087 578 1123 23.,
597 1089 659 1124 27„
676 1089 740 1124 42„

189 1132 259 1168 70„
288 1131 326 1159 de
342 1130 430 1167 Fato,
449 1131 518 1166 65.;
539 1131 606 1159 Cat.
626 1130 681 1168 M„
698 1132 739 1166 4„

189 1176 249 1211 17.,
276 1175 336 1211 19„
361 1175 423 1210 20„
447 1175 507 1210 23.,
533 1174 594 1209 25„
617 1174 677 1211 27„
697 1174 742 1203 bis

187 1219 250 1255 30„
275 1218 336 1254 45„
354 1218 416 1254 46.,
434 1217 495 1250 53„
515 1218 577 1254 56„
597 1217 659 1255 61„
679 1219 740 1253 62„

189 1262 250 1297 68.,
278 1262 337 1298 69„
364 1262 436 1297 70.,
463 1259 564 1297 Lael„
592 1262 652 1297 16„
680 1263 739 1298 17.,

188 1306 250 1341 25„
275 1305 346 1339 59.;
378 1303 415 1332 de
444 1302 513 1343 Off,
547 1304 585 1340 3„
612 1305 651 1341 5„
680 1305 739 1339 12„

189 1349 249 1385 14„
276 1349 335 1383 16„
361 1348 419 1384 17„
440 1348 499 1383 19„
518 1347 579 1384 36„
599 1348 660 1385 39„
678 1348 742 1384 43„

188 1393 238 1420 55.
262 1391 319 1425 bis,
343 1391 404 1426 59„
431 1390 491 1424 65„
518 1390 577 1426 68„
604 1391 654 1421 70.

150 1434 305 1464 Circuitus
316 1438 421 1472 petere
437 1431 492 1472 (Ρ),
510 1433 562 1461 49.

143 1477 391 1512 circumlocutio,
409 1477 449 1513 3„
468 1477 511 1510 4„
531 1476 581 1505 40.

147 1519 255 1550 Cladis
285 1529 394 1549 nomen
423 1519 542 1557 saepius
567 1519 739 1556 repetitum,

150 1606 378 1641 Commercium,
398 1606 447 1635 66.

149 1651 285 1688 Compar
296 1647 342 1689 (Ρ)
355 1649 482 1678 dabitur
496 1650 528 1677 et
543 1648 736 1686 comparabi-

186 1698 244 1730 tur,
264 1694 313 1723 35.
327 1704 335 1730 3
354 1703 420 1721 cum
432 1691 570 1730 compari
586 1690 631 1731 (ἒ)
646 1692 738 1729 hoste,

144 1761 340 1818 Comparatio
363 1779 505 1817 praecisa,
524 1779 574 1808 25.
590 1790 596 1813 ;
618 1787 737 1818 manca,

188 1824 238 1853 03.

143 1865 354 1904 Compositum
370 1874 439 1894 eum
455 1873 557 1902 praep.
570 1864 697 1894 verbum
710 1868 740 1895 et

187 1909 322 1947 simplex
334 1909 517 1946 junguntur,
537 1909 587 1937 59.

148 1952 295 1983 Concioni
310 1957 340 1981 et
356 1962 485 1980 coronae
503 1949 561 1990 (P),
579 1952 630 1981 55.

149 1996 358 2031 Conclamare,
377 1996 426 2024 61.

149 2038 322 2068 Concordia
346 2036 393 2078 (P)
413 2047 526 2075 mayna
554 2036 685 2065 Parrum
710 2040 739 2066 et

184 2082 292 2119 plebis,
311 2083 359 2110 67.

148 2124 339 2154 Conditionis
353 2121 399 2164 (2³)
412 2122 646 2152 obliviscendum
658 2123 736 2152 victo

186 2178 258 2205 esse,
278 2169 326 2197 70.

149 2211 287 2250 Confer-ti
308 2207 367 2249 (27),
386 2210 413 2237 9.

147 2253 362 2292 Conficientius
379 2250 425 2291 (ἲ)
443 2251 521 2287 belli,
541 2252 592 2281 ‘23.

149 2296 318 2335 Gonjurare
333 2305 357 2325 c.
374 2295 458 2324 infin.
475 2293 531 2334 (Ρ),
549 2296 599 2324 29.

146 2340 355 2378 Conquisitum
378 2342 409 2368 et
431 2348 496 2366 cum
520 2348 595 2367 cura
613 2339 736 2377 quaesi-

184 2386 256 2420 tum,
274 2384 323 2412 31.

817 268 991 306 Consmsio,
1006 277 1067 298 non
1085 269 1214 300 Liviana
1228 279 1303 308 vox,
1323 272 1373 301 67.

816 311 964 340 Consulca
982 309 1029 351 (ἵ)
1045 316 1075 342 et
1090 313 1228 352 consilia,
1246 315 1295 344 47.

815 354 932 383 Contra
949 359 1080 393 postpos.
1097 354 1154 396 (?),
1172 358 1201 386 9.

814 394 1024 427 Contumelias
1039 399 1147 437 dicere,
1155 399 1273 437 jacere,
1290 401 1340 430 39.

815 440 987 470 Conventus
998 439 1045 480 (?)
1055 446 1085 471 et
1096 446 1229 481 vocatus,
1246 444 1295 473 63.
1309 454 1318 478 ;
1331 453 1402 473 con-

852 485 954 513 venire
969 484 1112 524 aliquem,
1132 487 1181 515 63.

812 525 923 565 Copias
945 527 1106 557 delendum
1129 526 1186 569 (ἵ),
1212 529 1281 566 14.;
1307 529 1404 568 copiis

852 574 883 599 et
898 571 1009 599 castris
1026 569 1083 610 (Ρ),
1103 573 1151 602 15.

815 612 993 642 cornicines
1009 612 1066 654 (2³),
1085 615 1134 645 37.

811 656 1042 694 Comnmcms,
1060 658 1112 687 45.

813 698 947 729 Coronae
962 699 1005 740 (?)
1023 704 1053 730 et
1068 701 1216 737 concioni,
1233 703 1283 732 55.

812 741 1009 781 Corrumpere
1024 741 1071 784 (P)
1086 745 1159 782 tyni,
1179 746 1230 774 35.

811 784 933 815 &edita
949 783 996 825 (9)
1012 787 1162 825 cupidius,
1180 789 1230 817 46.

814 828 958 858 Cremare
974 828 1031 869 (2²),
1050 831 1101 860 29.

811 871 947 901 Crescere
969 876 1089 902 tantum
1114 871 1161 913 (1²)
1185 874 1276 913 brevi,
1294 875 1343 910 2.;
1370 875 1402 904 in

851 915 915 944 dies
931 913 985 955 (P),
1006 917 1055 945 62.

811 956 881 987 Cum
898 968 972 987 cura
989 956 1045 999 (Ρ),
1063 960 1112 989 31.

811 1000 958 1040 Oupidius
976 1000 1023 1040 (‘.>)
1041 1003 1168 1038 credita,
1186 1004 1238 1033 46.

815 1044 907 1081 Cura,
927 1046 976 1082 8.;
1003 1055 1069 1074 cum
1085 1056 1109 1074 c.
1128 1044 1184 1085 (P),
1203 1047 1253 1076 31.

808 1087 966 1124 Cumms,
992 1089 1032 1125 2..
1058 1089 1087 1118 3.
1104 1089 1159 1126 bis,
1185 1090 1225 1126 8„
1252 1091 1311 1127 13„
1340 1091 1402 1127 18„

852 1132 914 1168 30„
938 1132 1000 1168 40„
1024 1132 1087 1171 45.,
1111 1133 1174 1171 47„
1199 1134 1251 1163 49.

810 1216 944 1246 Dativus
956 1226 1044 1247 casus
1056 1218 1142 1256 quasi
1151 1227 1206 1256 pro
1217 1227 1328 1257 accus„
1344 1219 1404 1256 19„

854 1262 915 1297 68.;
950 1261 1062 1290 volenti
1074 1271 1145 1299 esse,
1163 1263 1225 1300 26„
1247 1263 1298 1293 70.

809 1302 981 1333 Decimatio
999 1302 1057 1343 (Ρ),
1074 1306 1126 1334 55.

808 1346 961 1376 Dedentes
974 1357 1006 1376 se
1024 1346 1077 1386 (?),
1094 1348 1249 1378 dedititios
1267 1345 1325 1387 (?)‚
1351 1349 1403 1379 55.

810 1390 968 1428 Delapsos
984 1388 1031 1430 (‘?)
1047 1392 1248 1430 infraudem,
1267 1393 1319 1421 44.

807 1433 935 1462 Demere
951 1431 999 1473 (2³)
1016 1438 1046 1463 et
1062 1434 1213 1473 dirimere,
1231 1436 1261 1464 4.

809 1476 987 1505 Deminutio
1003 1477 1112 1515 figura,
1133 1479 1181 1507 10.

806 1519 1046 1557 Desperationes
1061 1519 1104 1560 (?)
1123 1525 1154 1550 et
1169 1521 1280 1558 clades,
1299 1521 1350 1550 32.

808 1562 947 1591 Deurere
962 1566 992 1592 et
1010 1562 1092 1601 (de-)
1103 1565 1262 1602 populari,
1281 1565 1330 1593 59.

806 1605 918 1634 Dicere
930 1610 1021 1635 .·-ut
1036 1611 1108 1635 ante
1123 1607 1237 1636 dictum
1259 1610 1312 1643 est,
1333 1608 1380 1637 17.
1394 1616 1402 1643 ;

849 1650 1056 1685 contumelias,
1099 1651 1148 1679 39.
1163 1661 1170 1685 3
1207 1650 1271 1679 dici
1303 1650 1335 1679 in
1372 1659 1403 1680 re

850 1692 1132 1730 quasi-incredibili,
1151 1694 1201 1722 54.

803 1735 950 1773 Diqnitas
966 1736 1116 1773 negative,
1135 1737 1185 1766 20.

805 1778 985 1808 D10Domss
1008 1778 1160 1815 Smenos,
1180 1779 1229 1809 68.

805 1822 957 1850 Dirimere
972 1825 1003 1851 et
1017 1823 1134 1850 demere
1152 1820 1212 1862 (?),
1230 1823 1258 1852 4.

806 1865 970 1894 Distinctio
985 1866 1184 1901 emendanda,
1203 1866 1242 1904 2„
1258 1866 1320 1904 20„
1335 1867 1398 1903 29„

848 1909 908 1945 30„
928 1909 987 1945 35„
1005 1909 1070 1947 42„
1088 1910 1152 1946 44„
1170 1910 1230 1946 56„
1256 1909 1317 1945 59„
1336 1910 1398 1946 60„

848 1952 908 1988 61„
935 1953 994 1988 63.,
1021 1953 1072 1982 67.

804 1992 984 2031 Domiuftm,
1006 1996 1054 2024 22.

804 2038 940 2066 Duc-ente
959 2036 1002 2077 (?)
1017 2042 1048 2067 et
1064 2038 1183 2075 ducere,
1201 2039 1252 2067 51.

803 2081 910 2116 Ducis,
927 2090 988 2109 ace.
1006 2081 1093 2118 plur„
1112 2081 1162 2110 23.

803 2124 892 2153 Duae
914 2124 996 2152 acies
1019 2125 1108 2162 quasi
1129 2123 1238 2153 omisso
1262 2121 1308 2164 (?)
1327 2132 1397 2162 pro·

845 2166 976 2205 nomine,
995 2169 1022 2197 7.

803 2253 942 2282 Educere
968 2252 1105 2282 absolute
1134 2250 1188 2292 (¹2),
1212 2261 1252 2282 sc.
1280 2253 1394 2291 copias,

803 2298 896 2378 Ejffi,
910 2349 969 2369 non
985 2338 1149 2378 praemisso
1165 2339 1292 2377 proprio,
1311 2339 1361 2369 65.
