1490 2588
146 142 193 174 40
563 140 982 179 EMENDATIONES

198 269 254 273 -—
275 246 340 284 25.
362 246 402 284 5.
437 243 710 286 “Marcellus
738 275 748 286 .
773 277 780 284 .
805 277 812 285 .
844 244 955 286 inter
984 244 1206 301 Neapolim
1238 252 1282 288 et
1310 244 1400 300 Ty-

139 312 258 354 cham
280 314 493 366 momina*
512 314 721 370 partium*
740 315 869 365 urbis,
893 322 937 357 et
949 315 1081 357 instar
1098 317 1264 358 urbium
1281 320 1399 368 sunt)

141 384 282 438 posuit
302 385 475 426 eastra..’'

190 483 215 505 ⁷³²
244 482 414 519 Scribere
428 483 540 532 jubet
559 483 771 520 Gronovius
789 484 934 521 nomina
953 496 993 520 ea
1004 484 1178 532 partium
1207 484 1273 533 (sc.
1295 485 1397 528 sunt,

138 547 298 597 opinor).
353 548 433 596 Ego
453 548 687 586 retinendam
707 549 979 598 appositionem
997 549 1104 586 illam
1123 562 1266 594 censeo,
1297 550 1399 586 Nea-

132 612 249 659 polim
269 616 302 649 et
324 614 491 662 Tycham,
514 615 660 651 nomina
668 615 839 663 partium
857 616 958 653 urbis
971 631 985 658 ‚·
1002 615 1186 652 nimirum
1198 618 1242 652 ut
1254 614 1400 652 nomina

133 679 304 725 partium
333 679 441 728 quasi
469 680 701 729 periphrasis
730 681 779 718 sit
806 683 844 719 et
870 694 938 730 pro
960 685 1090 729 partes
1109 680 1397 730 accipiendum:

140 743 240 780 vidd.
270 745 448 782 Bouhier.
481 746 527 783 ad
555 746 632 784 Cic.
664 747 765 783 Tuse.
787 747 841 783 iii.
866 750 926 784 34.
952 750 1022 794 83„
1053 747 1152 785 Cort.
1175 748 1222 784 ad
1242 746 1399 784 Sallust.

145 810 224 846 Cat.
248 813 280 847 2.
306 813 352 856 1.,
378 814 413 847 6.
437 814 471 848 6.
496 812 580 861 (qui
595 812 710 849 etiam
725 812 827 849 Livii
841 813 1015 862 exemplo
1030 813 1155 850 utitur
1169 813 1236 850 vii.
1259 815 1314 850 18.
1332 812 1398 862 6.),

140 874 273 923 Cuper.
293 879 331 913 et
351 877 558 914 Burmann.
576 878 623 915 ad
638 879 788 915 Petron.
809 892 846 927 p.
871 882 958 916 590.
979 881 1016 924 b,
1037 892 1105 916 nos
1118 879 1340 916 Am'madcv.
1361 878 1402 914 in

138 940 316 979 Fronton.
337 955 373 991 p.
398 945 481 988 10.;
512 943 607 980 adde
627 943 700 980 Cic.
715 957 757 991 p.
779 944 883 981 Rosa.
902 944 955 981 A.
982 948 1041 981 29.
1065 946 1141 991 79„
1172 944 1214 981 in
1242 945 1342 981 Verr.
1372 943 1399 980 i.

143 1009 201 1042 15.
225 1009 300 1052 39„
330 1020 367 1043 v.
390 1011 451 1044 32.
475 1010 550 1054 83„
574 1022 616 1056 p.
638 1009 744 1054 Bab„
767 1009 813 1046 P.
835 1009 898 1055 R„
930 1013 989 1046 10.
1012 1012 1089 1056 27.,
1119 1011 1158 1046 et
1175 1009 1218 1046 in
1235 1009 1318 1058 ipsa
1336 1022 1400 1058 ap-

139 1072 325 1121 positione
352 1073 437 1110 Liv.
467 1087 588 1111 xxxv,
618 1078 679 1110 49.
712 1077 760 1121 8.,
795 1076 956 1112 “multa
983 1076 1129 1112 nomina
1154 1075 1317 1124 gentium
1343 1074 1400 1111 in—

140 1138 369 1185 audstarum,
401 1139 532 1176 Dahas
552 1143 589 1177 et
607 1140 742 1185 Medos,
774 1144 844 1177 cet.
862 1141 899 1186 ;''
956 1141 1061 1178 Curt.
1082 1141 1136 1178 iii.
1158 1144 1193 1178 2.
1216 1144 1266 1187 9.,
1299 1144 1323 1161 “
1336 1153 1400 1177 ru-

140 1204 199 1241 bri
225 1204 339 1241 maris
366 1205 515 1251 accolas,
547 1205 671 1254 essqnota
686 1206 850 1255 yentc'um
869 1206 1070 1249 nomina;''
1103 1207 1234 1244 Senec.
1260 1205 1402 1244 Consol.

140 1270 190 1307 ad
207 1270 327 1307 Mare.
353 1272 427 1316 13.,
462 1271 682 1309 “Vinctum
701 1274 789 1309 ante
809 1284 962 1309 currum
987 1271 1066 1320 egit
1089 1273 1239 1318 Persen,
1270 1271 1405 1319 inclyti

139 1336 233 1385 reffl's
262 1336 424 1373 nomen.''
481 1337 610 1386 Atque
639 1336 755 1374 etiam
782 1340 891 1375 extra
917 1337 1163 1386 parenthesin
1189 1337 1404 1386 ponendam

140 1415 269 1439 censeo
289 1402 562 1450 appositionem
579 1416 586 1439 :
614 1402 809 1451 Neapolim
828 1406 863 1440 et
885 1403 1052 1451 Tycham,
1074 1403 1221 1441 nomina
1233 1403 1404 1452 partium

140 1468 242 1506 urbis
277 1470 329 1519 (et
356 1468 477 1505 instar
503 1468 648 1505 urbium
676 1469 854 1518 sunt)‚——.
902 1470 959 1506 De
987 1470 1121 1518 copula
1148 1471 1276 1506 autem
1304 1472 1339 1506 et
1363 1468 1404 1506 in

140 1533 358 1583 parenthesi
378 1547 491 1582 supra
510 1534 557 1571 ad
576 1534 600 1570 i.
627 1538 659 1571 1.
683 1537 717 1571 3.
775 1535 950 1572 Ceterum
971 1535 1016 1572 do
1036 1535 1214 1572 Partibus
1243 1534 1403 1583 Syracu-

141 1613 278 1646 sarum,
310 1612 406 1648 quae
433 1599 543 1649 quasi
570 1600 682 1637 urbes
701 1600 855 1646 fuerint,
878 1600 1066 1638 consentit
1085 1599 1213 1637 Cicero
1232 1599 1272 1636 in
1300 1599 1402 1637 Verr.

144 1666 195 1703 iv.
219 1669 280 1702 53.
305 1668 390 1703 118.

197 1795 253 1800 —
275 1769 387 1812 Ibid.
415 1769 433 1822 (ξ
457 1775 495 1812 8.
521 1777 548 1796 “
567 1777 785 1827 castraque
806 1771 928 1814 tectis
944 1771 1179 1828 parietum*
1196 1785 1271 1827 pro
1284 1786 1404 1813 muro

145 1841 300 1896 septa.”

195 1943 219 1966 ⁹³
246 1942 385 1979 Miram
399 1943 603 1991 quamdam
617 1943 847 1992 hypallagen
860 1942 1046 1992 intelligit
1061 1942 1283 1988 Gronovius,
1303 1943 1404 1979 tectis

142 2007 329 2054 parietum
355 2021 422 2056 pro
452 2011 623 2045 tectorum
644 2009 882 2057 parietibus!
937 2009 1055 2047 Plane
1086 2022 1154 2058 pro
1185 2009 1405 2057 deponendo

144 2073 259 2110 habet
287 2073 450 2110 Crevier.
478 2074 623 2119 locum3
654 2088 778 2123 neque
813 2075 1021 2124 quidquam
1050 2075 1165 2112 audet
1182 2075 1299 2112 Drak.
1353 2074 1406 2111 Et

145 2141 273 2175 tamen
302 2138 393 2175 satis
421 2139 515 2176 mihi
544 2140 699 2188 quidem
717 2141 758 2177 in
776 2144 955 2190 promptu
975 2154 1053 2178 esse
1071 2141 1224 2178 videtur
1235 2139 1408 2189 partium

145 2217 211 2253 pro
234 2204 425 2252 parietum
458 2206 667 2243 emendare.
724 2207 824 2243 Nam
853 2207 899 2244 de
932 2206 1109 2244 Partibus
1145 2205 1228 2255 (sic,
1260 2206 1404 2255 opinor,

147 2269 254 2318 quasi
268 2270 373 2320 justo
393 2272 431 2307 et
448 2271 618 2318 legitimo
637 2272 789 2309 nomine
808 2272 1026 2323 appellatis)
1046 2272 1192 2309 duobus
1209 2271 1325 2316 urbis,
1346 2271 1404 2308 in-

148 2339 206 2372 ter
224 2348 318 2384 quas
337 2336 542 2373 Marcellus
565 2341 740 2385 posuerat
767 2341 898 2384 castra,
929 2351 1025 2388 quae
1043 2337 1163 2375 instar
1180 2337 1334 2376 urbium
1352 2350 1408 2374 es-
