1490 2588
158 167 203 200 14
575 161 994 200 EMENDATIONES

208 294 265 298 —-
286 269 352 308 24.
374 271 412 309 5.
446 273 563 308 “neo
586 299 594 308 .
618 300 625 307 .
651 297 661 307 .
684 269 783 307 aut*
811 265 924 321 plebi
945 265 1168 308 honestum
1195 281 1297 315 esse,
1335 299 1343 307 .
1369 300 1376 307 .
1400 300 1406 307 .

151 353 290 393 neque
311 337 510 379 Patribus
532 336 631 378 satis
652 336 965 386 decorum‚—.’'

204 424 228 448 ‘’s-
246 423 433 460 Abundat
451 424 527 458 αῑιύ.
572 421 656 459 Seio
676 421 721 458 de
745 421 975 458 anaeolutho
994 419 1153 469 cogitari
1170 433 1299 469 posse:
1321 421 1410 459 vide

150 502 217 526 nos
237 488 284 525 ad
303 487 381 525 Cio.
404 487 444 524 de
462 487 549 524 Fc'n.
570 486 621 523 iv.
645 490 706 523 28.
730 487 804 531 77„
836 487 876 523 de
902 485 968 535 Off
990 486 1015 522 i.
1039 489 1073 523 3.
1097 490 1132 523 9.
1173 487 1315 523 Tamen
1332 499 1409 524 non

149 554 295 591 invitus
315 553 369 589 ita
389 552 430 602 (i.
454 566 484 590 e.
503 552 636 601 valde)
656 552 892 602 conjecerim.

203 670 260 676 —
282 673 337 678 —-
358 650 399 687 8.
432 643 638 687 “Consul
660 643 824 699 copias*
848 649 993 685 contra
1013 642 1177 684 hostem
1198 642 1381 684 educit.’'

201 719 225 741 7(
244 731 272 754 e.
311 716 345 753 Ia.
386 716 507 764 copias
540 716 618 753 eod.
654 716 818 752 Havere.
874 715 974 762 Ergo
1010 714 1167 751 fortasse
1204 713 1408 752 delendum

147 783 268 832 (νομέως
284 798 296 820 .·
325 782 411 820 vide
430 794 498 818 nos
518 782 564 818 ad
584 781 739 818 Sallust.
767 781 852 829 quq.
875 782 934 818 97.
984 779 1070 817 Nisi
1089 779 1187 816 forte
1205 779 1306 817 ultro
1325 792 1407 817 mu-

146 849 244 886 tavit
263 848 411 897 aliquis,
436 850 480 884 ut
498 846 789 883 alliterationem
806 845 1043 894 infringeret.

202 965 259 971 ——
278 943 347 982 35.
371 943 410 982 8.
446 944 473 964 “
492 937 625 980 Haud
653 937 773 980 facile
799 938 1040 987 eredebant,
1071 936 1238 992 plebem
1260 938 1405 978 suam*

146 1010 304 1066 impelli
325 1024 458 1066 posse,
489 1009 635 1050 ut—.’'

197 1096 221 1119 'Y'
239 1096 343 1132 Fort.
375 1078 460 1131 effla
489 1093 714 1143 (Volscam).

202 1204 258 1208 -
280 1175 349 1215 36.
372 1176 411 1214 4.
444 1177 467 1196 ‘⁴
484 1186 610 1228 aegro
631 1170 824 1212 animi*.”

200 1260 224 1282 ³²
242 1259 372 1304 Reate,
403 1256 545 1307 opinor,
577 1255 684 1294 codd.
714 1255 788 1292 duo
816 1266 922 1303 aeqro
950 1253 1098 1291 animo.-
1127 1253 1175 1291 of.
1192 1253 1247 1290 xl.
1271 1257 1305 1291 5.
1331 1256 1404 1299 14„

146 1337 291 1361 necnon
312 1323 437 1373 (nobis
455 1322 610 1372 quidem
628 1320 845 1370 edentibus)
867 1319 1022 1357 Sallust.
1050 1319 1137 1369 Jugy.
1159 1322 1221 1356 29.

201 1442 257 1446 —
277 1442 333 1447 -—
355 1415 392 1455 6.
427 1420 452 1439 ‘⁴
471 1413 586 1456 Tum
602 1412 814 1455 enimvero
830 1410 1021 1453 Deorum
1036 1410 1124 1452 ira*
1146 1410 1406 1453 admonuit.”

199 1502 223 1525 ⁷¹⁶
250 1501 354 1537 Fort.
376 1500 538 1537 Deorum
556 1511 613 1536 res
632 1496 820 1535 admonuit
834 1511 849 1539 ,·
876 1495 1059 1534 nimirum
1084 1498 1129 1533 ut
1157 1497 1317 1534 Deorum
1344 1496 1407 1533 ad-

148 1566 288 1604 monuit
303 1565 545 1615 jungendum
564 1563 625 1602 sit.

204 1670 261 1674 —-
283 1648 354 1685 41.
378 1648 417 1688 9.
450 1642 592 1684 “adeo
607 1647 779 1697 propter
795 1639 1072 1695 suspicionem
1089 1638 1258 1681 insitam
1273 1639 1407 1695 regni,

150 1750 155 1755 .
178 1747 186 1755 .
204 1749 210 1754 .
226 1730 399 1756 munera
421 1715 512 1769 ejus
533 1713 604 1754 in*
627 1711 774 1754 animis
794 1710 1039 1753 hominum*
1061 1710 1407 1766 respuebantur.”

199 1802 223 1824 *²
240 1800 383 1837 Vereor
400 1812 448 1836 ne
466 1797 566 1836 male
584 1795 812 1845 transposita
830 1794 907 1832 sint
924 1794 992 1832 illa
1011 1794 1051 1832 in
1069 1794 1204 1832 animis
1226 1794 1409 1832 hominum

147 1869 185 1903 et
204 1866 249 1903 acl
270 1865 420 1902 insitam
438 1877 551 1913 supra
568 1861 711 1901 retrahi
728 1862 901 1907 debeant,
916 1862 1076 1909 propter
1094 1860 1330 1908 suspicionem
1350 1860 1408 1897 in-

148 1932 256 1968 sitam
276 1931 316 1968 ’37η
335 1930 468 1968 animis
485 1928 668 1967 hominum
686 1927 800 1977 reyni.
857 1927 910 1964 Et
937 1926 1086 1964 credere
1105 1926 1197 1963 licet
1223 1926 1265 1963 in
1283 1925 1410 1963 codice

151 1997 277 2045 aliquo
297 1995 433 2037 omissa
451 2008 541 2040 esse,
564 1995 655 2031 dum
673 1995 889 2042 properaret
907 1991 1085 2029 librarius
1103 1990 1251 2028 nomini
1263 1990 1411 2040 regenti

150 2062 386 2109 saepeteiomm
416 2074 526 2097 suum
555 2060 710 2097 reddere
732 2058 947 2107 genitivum
962 2072 970 2105 ;
1001 2057 1137 2095 deinde
1165 2070 1213 2095 ex
1240 2055 1411 2105 margine

150 2129 317 2165 alienum
335 2127 375 2163 in
393 2126 519 2163 locum
535 2125 695 2163 venisse.

212 2236 266 2243 —
289 2214 355 2253 46.
383 2215 415 2252 l.
446 2217 475 2236 “
490 2210 630 2266 Prope
651 2216 764 2253 certa
785 2223 878 2265 spes
899 2214 999 2258 erat,
1021 2222 1105 2250 non
1121 2207 1254 2264 magis
1269 2221 1412 2250 secum

154 2290 431 2339 pugnaturos,
463 2296 589 2337 quam
611 2279 921 2338 pugnaverint*
943 2294 1040 2322 cum
1061 2277 1265 2334 Aequis.'’

210 2369 234 2391 ⁹⁵
254 2368 393 2404 Parum
412 2368 559 2404 constat
575 2365 617 2403 in
633 2365 717 2404 istis
736 2369 816 2404 erat
836 2395 844 2403 .
870 2395 878 2403 .
901 2394 908 2402 .
923 2363 1173 2415 puqnaverint
1198 2365 1414 2412 temporum
