1490 2588
586 179 880 217 HANNIBAL.
1327 184 1347 215 9

112 289 251 333 “saepe
290 285 441 324 vz'dz'ssoe
484 284 553 329 sed,
584 282 649 331 qui
674 283 798 332 mayz‘s,
822 296 927 333 quam
947 283 1132 330 Phormio,
1162 283 1348 329 deliraret,

488 349 496 365 2

113 356 136 373 “
151 352 280 389 vidisse
299 351 482 388 neminem.
543 349 677 397 Neque
695 349 908 386 mehercule
927 349 1076 398 injuria.
1134 349 1236 391 Quid
1250 349 1350 386 enim

112 423 135 439 “
148 421 214 455 aut
232 416 469 465 arrogantius
488 418 554 452 aut
570 414 767 463 loquacius
795 414 877 451 fieri
904 414 1041 463 potuit,
1072 427 1185 463 quam
1202 414 1349 451 Hanni-

111 488 135 504 “
149 483 237 527 hali,
259 482 326 531 qui
344 484 402 518 tot
429 493 544 517 annos
572 481 617 517 de
641 479 797 528 imperio
822 493 908 516 cum
926 480 1064 529 populo
1085 480 1253 516 Romano
1272 492 1350 516 om-

113 554 136 570 “
153 549 264 586 nium
281 547 450 596 gentium
478 546 616 583 victore
637 548 824 590 certasset,
847 545 1031 583 Graecum
1049 546 1252 591 hominem,
1284 544 1351 594 qui

112 618 359 661 “numquam
376 613 534 657 hostem,
564 624 771 659 numquam
799 615 920 648 castra
947 611 1114 655 vidisset,
1143 623 1351 659 numquam

112 678 312 727 “denique
338 677 534 714 minimam
562 679 710 725 partem
736 676 854 712 ullius
889 676 1033 724 publici
1068 676 1236 714 muneris
1263 676 1350 713 atti-

111 748 135 764 “
161 744 289 792 gisset,
311 746 509 792 praecepta
526 743 571 779 de
589 755 629 779 re
646 741 803 778 militari
822 742 910 778 dare
927 741 968 777 ?'’

164 821 226 862 Et
237 820 374 868 hodie,
399 819 472 874 qui
487 834 636 874 pueros
657 819 899 869 instituunt,
917 819 994 860 hoc
1009 819 1193 861 studiose
1211 834 1351 860 omnes

106 920 181 960 pro
213 920 255 946 se
286 904 461 959 quisque
492 918 586 944 cum
621 903 718 944 loris
748 918 795 945 ac
827 903 1093 945 verberibus*
1125 903 1349 953 inculcant,

107 989 253 1043 utique
278 995 448 1043 peccata
477 988 681 1042 quaedam
713 1003 864 1043 magna
893 988 977 1029 duo
1008 987 1289 1029 Hannibalem
1310 988 1352 1028 in

106 1072 216 1114 bello
249 1071 410 1113 Punico
449 1072 630 1127 gerendo
670 1086 887 1127 peccasse;
928 1088 1072 1121 unum,
1117 1074 1230 1127 quod
1270 1089 1352 1115 non

51 1189 54 1193 .
105 1163 218 1196 recta
251 1155 317 1196 via
352 1170 404 1197 ne
438 1154 562 1196 horae
598 1155 769 1210 quidem
803 1156 927 1197 unius
960 1171 1074 1197 mora
1108 1156 1354 1212 interposita

111 1257 162 1283 ex
182 1242 270 1283 acie
293 1242 502 1283 Cannensi
522 1241 724 1283 victorem
755 1242 984 1283 exercitum
1017 1243 1070 1283 ad
1090 1244 1234 1285 urbem
1266 1243 1353 1285 Ro-

109 1342 216 1366 mam
240 1326 564 1382 expugnandam
586 1326 775 1375 duxerit;
806 1326 998 1376 alterum,
1033 1327 1145 1381 quod
1172 1328 1353 1382 Capuae,

106 1410 150 1450 in
171 1411 273 1452 urbe
294 1411 452 1452 deliciis
484 1410 675 1452 omnibus
709 1418 836 1465 atque
864 1411 1069 1453 illecebris
1096 1411 1284 1453 luxuriae
1307 1426 1354 1452 ac

107 1495 335 1550 voluptatis
357 1495 584 1545 diffluente,
606 1503 701 1551 post
720 1511 904 1552 pugnam
926 1496 1127 1538 hiemarit.

165 1580 303 1636 Igitur
324 1581 401 1622 hae
422 1580 743 1630 criminationes,
765 1596 913 1636 operae
934 1581 1115 1636 pretium
1136 1589 1199 1623 est
1219 1581 1356 1636 inqui-

106 1679 209 1714 rere,
234 1664 385 1718 quibus
401 1663 591 1705 nitantur
604 1665 901 1714 fundamentis,
927 1672 1215 1720 quantumque
1236 1665 1291 1706 sit
1306 1665 1355 1706 iis

109 1747 389 1788 tribuendum.
450 1748 497 1788 A
523 1747 647 1790 Livio
672 1760 813 1790 autem
842 1749 1010 1790 omnino
1040 1750 1116 1790 hae
1143 1749 1355 1804 opiniones

104 1837 336 1871 manarunt.
398 1830 512 1886 Ergo
536 1831 704 1872 Livium
725 1832 954 1879 audiamus,
980 1832 1081 1872 xxii.
1103 1834 1170 1875 51.
1199 1834 1219 1871 l
1244 1849 1311 1872 :-

153 1938 171 1954 ³⁶
198 1939 284 1968 “We
306 1948 356 1968 are
381 1940 526 1978 scouryed
546 1941 610 1969 into
633 1941 685 1970 the
707 1941 798 1970 belief
825 1942 893 1971 that
916 1941 1075 1971 Hannibal
1098 1943 1195 1980 ought
1224 1947 1256 1972 to
1279 1943 1357 1972 have

113 1995 254 2024 marched
267 2000 298 2024 to
314 1995 408 2025 Rome
423 1996 551 2035 directly
566 1997 643 2026 after
665 1997 717 2026 the
733 1997 890 2035 victory.''
946 1997 1080 2027 Wilson's
1109 1998 1216 2036 Tours,
1234 1998 1294 2028 vol.
1312 1999 1355 2035 ii.,

116 2064 144 2092 p.
163 2054 234 2082 692.
281 2053 375 2082 Loud.
402 2054 502 2090 18203
527 2054 580 2083 ubi
604 2054 697 2082 etiam
725 2054 811 2092 plura
837 2058 964 2084 exstant
988 2055 1083 2093 digna
1106 2065 1182 2093 quae
1204 2056 1356 2094 legantur.

112 2110 218 2150 (Nunc
242 2120 312 2139 vero
335 2111 373 2139 ab
395 2111 508 2148 optimo
532 2111 662 2148 quodam
689 2110 885 2148 adolescente,
910 2111 963 2149 qui
984 2121 1056 2140 vero
1078 2112 1178 2141 studio
1201 2112 1357 2141 literarum

114 2167 387 2203 promovendarum
413 2166 492 2195 ultro
519 2167 558 2195 ad.
581 2167 707 2195 docendi
731 2176 841 2196 munus
856 2176 886 2196 se
910 2167 1047 2205 contulit,
1073 2168 1229 2206 epistolam
1245 2169 1355 2206 accepi,

120 2221 151 2249 in
170 2220 356 2262 quasscribit⁷
373 2226 471 2251 cetera
487 2223 608 2260 quidem
621 2232 651 2251 se
665 2222 696 2251 in
712 2222 893 2251 Hannibale
908 2233 974 2253 meo
986 2233 1098 2262 magna
1114 2234 1183 2254 eum
1200 2225 1357 2263 voluptate

114 2277 229 2315 legisse,
247 2283 278 2308 at
292 2278 368 2307 illud
384 2278 463 2307 velle
486 2287 670 2317 magnopere
692 2288 744 2316 pro
761 2288 791 2308 se
816 2284 846 2309 et
861 2289 913 2317 pro
939 2289 1031 2318 grege
1053 2290 1107 2311 suo
1122 2291 1242 2320 negare,
1268 2282 1357 2311 hodie

114 2335 234 2373 quidem
256 2335 348 2364 solere
371 2338 576 2373 praeceptores
599 2335 673 2364 adeo
698 2335 842 2373 injuriose
865 2336 901 2365 de
924 2336 1098 2367 Hannibale
1125 2338 1235 2367 sentire
1265 2342 1357 2376 atque

117 2391 229 2420 docere.
276 2391 372 2422 Credo
387 2392 423 2420 de
438 2391 502 2430 ipso
518 2395 547 2421 et
562 2392 598 2420 de
613 2392 726 2429 paucis,
741 2392 800 2421 vix
815 2393 903 2423 credo
918 2393 954 2423 de
970 2392 1086 2433 grege.)
