1490 2588
517 133 792 171 LIVIANAE.
1234 137 1281 169 453
1310 126 1313 129 ’

87 264 138 271 -——
161 240 229 279 50.
263 241 304 278 5.
342 237 486 293 “ipse,
521 238 555 279 si
587 238 669 280 frui
696 238 842 279 liceret
876 237 978 279 ludo
1010 238 1174 287 aetatis,
1204 271 1210 277 .
1238 269 1244 276 .

26 307 192 350 veniam
213 308 315 349 mihi
336 308 425 350 dari
446 324 639 364 sponsam
662 308 890 364 impensius
915 308 1073 350 amanti
1094 308 1243 350 vellem
1273 325 1280 347 ε

25 385 111 428 tuo,
136 379 255 434 cujus
276 380 490 435 possum‚*
513 380 644 422 amori
670 379 824 421 faveo.’'

78 478 103 502 ἦ
120 478 208 514 Non
226 477 323 514 male
342 478 561 525 Rhenanus,
589 479 636 515 ad
664 490 813 515 sensum
832 478 987 526 quidem
1008 477 1109 527 quod
1129 476 1277 522 attinet,

26 544 126 592 eujus
138 556 286 591 possum
305 556 371 592 pro
391 544 490 592 eujus
508 556 638 592 sponsa
657 546 708 580 est
723 556 734 578 :
768 542 809 580 in
828 543 938 592 cujus
956 542 1196 580 restitutione
1217 542 1279 579 ad-

26 608 186 657 quiescit
197 608 311 646 etiam
329 609 444 645 Drak.
482 608 582 645 Mihi
597 612 723 646 tamen
737 608 778 645 in
797 611 964 645 mentem
975 607 1081 645 venit
1092 610 1136 645 ut
1150 607 1281 644 malim

25 674 126 723 eujus
148 676 313 722 potestas
333 677 395 719 est,
414 687 549 723 nempe
564 674 712 720 amoris,
749 676 851 711 sc.ut
866 674 928 710 vel
943 673 1071 710 favere
1089 673 1207 710 velim
1218 673 1280 710 vel

24 740 171 776 obstare
183 742 296 788 atque
308 739 502 788 impedire.
559 739 846 788 Significantius
857 739 927 776 hoc
943 753 950 784 ;
981 738 1137 788 propius
1151 739 1220 775 hoc
1233 739 1280 775 ad

23 804 193 841 codicum
223 804 422 842 lectionem
449 805 605 842 accedit.
661 805 762 842 Nam
790 805 1034 851 scribebatur,
1060 808 1105 841 ut
1133 804 1277 853 opinor,

14 872 179 918 potestas
197 870 238 907 in
257 870 477 919 compendio
493 866 609 919 pff&
642 871 789 917 deinde,
823 884 872 908 ex
895 870 1116 919 pronomine
1137 870 1280 907 adscita

21 936 132 973 litera
159 948 187 972 s.
225 948 302 973 non
329 949 417 974 sane
443 937 585 974 mirum
612 941 679 983 est,
712 937 743 974 si
771 936 961 983 librarius,
994 937 1105 986 cujus
1128 937 1210 986 jam
1238 936 1278 973 in

21 1002 102 1050 ipso
122 1001 296 1050 Scipione
322 1015 477 1051 sponsae
504 1003 695 1040 mentione
728 1005 932 1052 occupatus
958 1002 1106 1040 animus
1125 1004 1222 1040 esset
1241 1005 1279 1040 et

21 1067 69 1103 ad
86 1067 325 1104 tantumdem
342 1067 384 1104 in
403 1067 520 1105 altero
541 1068 614 1106 isto
639 1069 942 1118 exspectandum
965 1071 1134 1117 paratus,
1165 1073 1277 1117 sposa

21 1133 93 1170 sibi
121 1132 224 1170 visus
249 1135 306 1170 est
331 1146 399 1182 pro
428 1129 535 1182 eph-(28
556 1134 692 1183 legere.
749 1134 876 1171 Ludus
909 1137 1036 1171 autem
1055 1134 1200 1180 aetatis,
1233 1137 1278 1172 ut

20 1199 90 1236 hoc
112 1199 259 1245 addam,
276 1199 358 1248 jam
377 1199 568 1237 Ciceronis
587 1203 643 1238 est
654 1213 698 1249 p.
727 1199 823 1237 Cael.
846 1203 904 1236 18.
928 1203 988 1238 42.

79 1303 208 1344 xxvii.
229 1309 269 1346 5.
293 1306 330 1346 6.
353 1312 378 1328 “
392 1305 444 1346 ad
466 1305 792 1347 exsolvendam*
816 1305 943 1347 fidem
965 1321 989 1347 a
1009 1305 1215 1347 consule.'’

72 1401 95 1423 ff·
115 1400 287 1438 Fortasse
307 1401 450 1439 excidit
469 1403 591 1439 datam
610 1405 695 1451 post
713 1403 968 1440 exsolvendam.

75 1531 131 1536 —-
155 1509 222 1548 25.
244 1509 282 1547 3.
308 1511 336 1530 ‘⁶
353 1506 406 1547 de
425 1506 488 1547 M.
516 1506 655 1555 Livio,
688 1506 898 1562 praefecto
929 1540 936 1547 .
966 1539 975 1547 .
1001 1513 1166 1548 ,actum
1197 1515 1274 1556 est,

19 1575 108 1617 aliis
144 1576 509 1619 senatusconsulto
549 1578 797 1620 notantibus
833 1577 1136 1633 praefectum*‚
1163 1579 1276 1632 quod

321 1647 340 1663 77

21 1680 28 1687 .
53 1681 59 1687 .
86 1679 94 1687 .
118 1678 128 1694 ‚
157 1646 316 1688 aliisv—.

71 1742 95 1764 ἦ
113 1740 201 1777 Non
224 1740 338 1778 nimis
366 1741 492 1790 placet
509 1741 716 1790 repetitum
735 1754 884 1778 nomen.
941 1742 1044 1778 Fort.
1064 1741 1273 1779 notantibus

11 1807 222 1855 praefracte
240 1819 328 1843 eum.
384 1807 440 1844 Cf.
465 1807 541 1844 Cic.
560 1808 600 1844 de
632 1806 699 1856 Off.
722 1807 775 1844 iii.
796 1810 857 1844 22.
885 1810 959 1852 88„
991 1807 1154 1844 “Nimis
1178 1808 1274 1845 mihi

11 1872 221 1920 praeffraote
239 1872 439 1909 Videbatur
464 1873 650 1910 aerarium
667 1872 943 1922 vectigaliaque
962 1872 1201 1910 defendere.⁷’

74 2009 131 2014 -
160 1986 225 2029 27.
257 1989 296 2026 5.
329 1984 417 2026 “ni
450 1993 598 2041 coepta
619 1987 670 2028 ab
698 1985 915 2028 Etruscis*
947 1986 1050 2042 fuga
1074 2001 1271 2042 pavorem

16 2055 190 2097 ceteris*
214 2055 461 2110 injecisset?

68 2150 92 2173 ἵ·
106 2171 157 2176 -
177 2150 202 2173 ⁹⁵
222 2149 399 2198 Suspicor
423 2153 508 2198 post
532 2149 706 2187 Etruscis
731 2149 914 2187 excidisse
926 2150 1072 2198 paucis.
1133 2151 1270 2189 Ceteris

15 2217 141 2252 autem
168 2215 343 2264 intellige
370 2215 506 2264 utique
534 2216 718 2254 Etruscis.
771 2216 872 2253 Nam
898 2215 1056 2254 minime
1079 2229 1196 2266 pavor
1223 2218 1267 2255 ad

16 2281 255 2329 Fregellanos
288 2281 442 2330 quidem
473 2282 672 2330 pervenit;
702 2294 772 2319 nec
801 2281 891 2319 satis
919 2284 1006 2332 apte
1034 2282 1110 2320 dici
1143 2284 1270 2332 potuit

15 2346 126 2395 longe
143 2347 325 2397 majorem
342 2360 545 2385 numerum
562 2347 700 2385 minori
717 2360 894 2397 pavorem
911 2347 1097 2398 injecisse.
