1490 2588
147 253 194 286 28
405 247 828 286 EMENDATIONES
858 247 1121 285 LIVIANAE

203 378 259 383 —
275 356 342 393 40.
366 354 404 393 6.
428 357 455 376 “
475 351 588 405 quod
612 384 620 392 .
647 381 656 391 .
682 383 689 391 .
713 381 724 400 ‚
747 350 971 393 memoriae
990 350 1204 406 proditum
1225 351 1358 393 est*.”

198 439 222 461 ÷:-
237 437 340 474 Male
359 436 451 473 haec
466 447 552 472 cum
571 435 701 472 Flacci
720 435 888 473 oratione
901 435 1035 485 jungit
1053 436 1172 473 Drak.

201 528 340 570 —50.
373 527 495 568 6-7.
538 533 566 552 “
585 541 712 581 quam
739 533 789 567 ut
826 541 874 569 ea
905 533 1062 569 aestate
1091 527 1278 582 potuerit
1307 532 1398 569 res*

141 597 323 653 gerere.’'

196 683 220 705 ⁷¹²²
232 682 335 719 Fort.
358 684 484 718 {emtas
496 695 536 730 p.
558 694 614 718 res
629 695 665 730 9.

201 812 254 817 -
278 789 347 828 55.
371 788 409 826 8.
445 791 472 810 “
488 791 530 826 ct
552 785 842 827 infelicitatem
874 800 991 826 suam
1012 785 1055 826 in
1075 785 1216 827 liberis
1237 785 1401 841 gravio—

142 871 242 904 rem,
266 855 379 910 quod
400 856 506 898 alter
527 855 744 910 perisset*‚
768 856 1004 898 censebat.''

196 940 220 963 =÷
240 940 265 976 J
270 952 330 975 am
358 939 583 987 significavi,
617 939 744 976 sensui
769 939 923 988 quidem
951 939 1096 976 consuli
1121 952 1241 988 posse,
1273 939 1402 977 addita

140 1004 306 1051 negandi
330 1004 528 1052 particula.
584 1005 698 1042 Nunc
723 1004 897 1042 latiorem
927 1005 1202 1053 agnoscendam
1224 1004 1400 1042 lacunam

140 1083 271 1106 censeo
287 1070 447 1119 z—qzcod
465 1069 560 1106 alter
589 1070 790 1120 [superstes
808 1072 906 1115 esset,
939 1082 1046 1118 quam
1064 1070 1159 1118 quod
1175 1068 1289 1120 alter]
1313 1082 1400 1117 per-

140 1142 231 1171 esset.

195 1253 252 1258 —
291 1228 362 1270 57.
403 1229 438 1271 7.
483 1234 510 1253 “
532 1241 611 1268 nec
651 1226 762 1268 enim
802 1232 877 1267 aut
916 1226 1063 1281 lingua
1101 1232 1176 1267 aut
1214 1225 1400 1268 moribus

138 1298 359 1353 aequales*
382 1297 644 1339 abhorrere.’'

191 1384 215 1406 ⁷²²
233 1383 337 1420 Fort.
360 1381 523 1431 aequales
545 1381 609 1433 [ab
629 1379 858 1431 aequalibus]
880 1379 1082 1417 abhorrere.

195 1486 272 1526 xli.
297 1487 334 1528 9.
359 1488 400 1528 6.
423 1485 580 1527 “Inter
601 1485 716 1535 haec,
741 1487 873 1540 quae*
894 1483 1332 1532 nuntiabantur*,-—.'‘

187 1572 211 1595 τῖ’·
230 1571 389 1607 Mallem
413 1570 519 1607 Inter
541 1570 625 1606 leaeo
653 1569 838 1606 nuntiata.
896 1569 953 1607 Of.
979 1569 1133 1607 Sallust.
1163 1569 1243 1606 Cat.
1266 1572 1327 1606 43.
1346 1572 1396 1614 3.‚

140 1641 163 1657 ‘³
178 1637 287 1673 Inter
304 1636 397 1673 haec
410 1638 552 1683 parata
571 1639 685 1683 atque
705 1633 882 1672 deeretass'

192 1757 247 1764 —
275 1733 336 1770 12.
360 1732 400 1772 9.
425 1735 452 1753 “
467 1728 650 1783 Ligures
675 1759 684 1768 .
709 1759 718 1769 .
743 1759 753 1769 .
775 1728 1027 1784 refugerunt
1042 1727 1244 1783 passim*:
1268 1742 1399 1782 popu-

135 1800 324 1854 lantique
348 1831 355 1838 .
381 1830 390 1839 .
414 1832 421 1839 .
443 1799 605 1840 consuli
619 1798 734 1839 nulla
755 1813 934 1853 usquam
954 1798 1239 1853 adparuerunt
1255 1798 1401 1838 arma.''

186 1885 211 1907 ⁷²²
229 1883 653 1931 Potiusz—-refizqermzt
665 1897 680 1925 ;
692 1883 837 1930 passim
846 1881 1180 1931 popzclaaeztz'quffi.
1217 1881 1316 1918 Vide
1331 1893 1399 1918 nos

137 1951 183 1986 ad
204 1950 280 1988 Cic.
303 1951 344 1986 de
362 1949 415 1986 N.
431 1950 478 1987 D.
498 1949 539 1986 ii.
557 1953 634 1995 25„
663 1949 741 1986 Cat.
757 1949 812 1985 M.
833 1952 867 1985 8.
885 1951 960 1994 26„
979 1949 1020 1985 de
1033 1949 1124 1986 Fz'n.
1139 1948 1166 1984 i.
1187 1950 1246 1985 11.
1264 1950 1341 1993 38„
1358 1960 1395 1984 V.

138 2020 172 2051 9.
195 2018 272 2059 26„
299 2018 357 2051 10.
376 2018 455 2060 28.;
478 2015 572 2052 adde
591 2015 717 2063 ipsum
732 2014 817 2052 Liv.
837 2014 907 2051 inf.
930 2017 989 2051 23.
1013 2016 1061 2059 6.,
1085 2017 1201 2050 “non
1220 2012 1399 2062 agique;’'

136 2081 233 2117 xxii.
257 2083 319 2117 30.
340 2083 390 2124 4„
424 2080 561 2129 “quod
589 2078 930 2128 exercitibusque.''
987 2078 1085 2116 Vide
1110 2077 1226 2115 etiam
1246 2077 1397 2115 Madvi-

135 2146 242 2194 gium
261 2145 436 2182 Ememld.
456 2158 493 2193 p.
517 2148 605 2181 499.
661 2145 741 2182 Nec
770 2157 877 2181 secus
896 2144 1053 2181 fortasse
1071 2143 1095 2180 i.
1121 2145 1179 2180 18.
1203 2146 1238 2179 4.
1261 2142 1394 2180 distin-

134 2211 327 2259 guendum
342 2214 435 2247 :-“
449 2210 581 2259 opinor
595 2225 604 2256 ;
635 2210 755 2258 magis
772 2208 1163 2258 instructuquce—.'’

193 2331 250 2335 -
287 2305 355 2342 22.
390 2302 431 2340 4.
469 2301 593 2342 “sub
620 2300 692 2355 jus
717 2300 1038 2355 judiciumque*
1077 2298 1225 2341 suum*
1263 2305 1396 2340 totam

133 2371 273 2426 coegit
302 2370 514 2426 gentem.''
