1490 2588
176 206 224 239 20
590 205 1010 244 EMENDATIONES

173 308 343 350 fortuna
369 308 464 350 illos
487 308 616 350 fretos
641 309 695 351 ad
717 309 879 351 Alliam
904 310 1177 353 constitisse?
1212 312 1317 354 nec*
1344 311 1427 354 illis

175 378 247 419 Dii
272 379 514 421 inmortales
544 379 731 422 certioris
766 380 999 438 quidquam
1035 381 1211 424 fiduciae
1249 415 1257 424 .
1283 416 1290 423 .
1316 415 1324 423 .
1357 383 1428 425 de·

174 449 313 491 derint
326 450 373 490 ‘?''

224 549 248 571 ἠ’-
268 548 407 584 Parum
443 547 616 585 cohaeret
652 550 853 586 structura.
911 549 1073 586 Videtur
1109 551 1237 586 autom
1273 549 1429 598 perinde

173 612 306 650 Livius
324 613 502 661 exegesin
520 614 616 650 hanc
635 614 834 661 addidisse,
861 614 970 663 quasi
989 614 1115 651 animo
1134 628 1154 651 e
1174 615 1430 664 superioribus

172 678 398 727 particulam
416 681 604 727 repeteret
625 683 678 716 ut.
735 681 804 717 Est
822 680 924 717 enim
943 680 1051 729 quasi
1073 680 1237 718 formula
1264 681 1427 728 Videsne,

173 744 296 781 sect—P
313 744 401 782 vide
419 749 547 782 nostra
566 746 613 783 ad
633 745 710 783 Cio.
734 746 815 785 Cat.
836 747 889 783 M.
913 749 947 783 8.
967 750 1029 784 26.
1049 759 1087 783 n.
1112 749 1171 784 11.

230 862 286 866 —
307 836 376 876 41.
397 840 439 877 4.
471 843 495 860 “
515 836 582 878 De
601 836 881 893 indignitate*
905 838 1005 879 satis
1026 837 1187 879 dictum
1211 838 1312 880 est.”

225 922 249 945 *4-
269 920 447 969 (ῐίρηῖίαίε
466 922 593 958 Lovel.
616 926 665 968 4.,
686 922 798 971 plane
816 935 914 967 vere,
945 922 1101 971 opinor:
1132 922 1314 959 nimirum
1332 922 1431 971 posi-

174 987 298 1023 tivum
314 986 490 1034 negative
510 987 791 1036 accipiendum:
814 987 911 1025 sieut
929 988 1043 1025 etiam
1061 987 1187 1036 pergit
1205 987 1246 1024 in
1259 988 1434 1036 positivis

174 1052 309 1089 Livius
334 1052 510 1100 negative
542 1053 834 1102 interpretandis
851 1068 916 1090 2—
961 1053 1090 1103 “quid
1120 1054 1165 1091 de
1196 1053 1432 1103 rele'ffl'omfbus

175 1121 289 1166 atque
318 1117 506 1168 auspiciis,
548 1131 644 1167 quae
672 1119 824 1168 propria
853 1120 1008 1157 deorum
1040 1119 1312 1156 immortalium
1345 1132 1433 1157 con-

176 1184 335 1233 temptio
353 1188 466 1234 atque
485 1184 626 1234 injuria
640 1187 708 1230 est,
723 1185 857 1234 loquar
868 1184 911 1222 ‘?’'
932 1197 1068 1233 nempe
1081 1184 1234 1231 omissis,
1252 1184 1432 1235 mysteriis,

176 1265 247 1288 mm
269 1251 433 1288 servabis.
489 1251 598 1288 Adde
616 1251 716 1299 quod
734 1249 970 1300 parenthesis
988 1250 1056 1287 illa
1075 1249 1203 1287 statim
1223 1263 1272 1287 ex
1292 1250 1437 1299 superi-

176 1320 302 1356 oribus
319 1316 527 1366 positivum
545 1316 719 1365 excipere
736 1316 889 1353 videtur
904 1329 969 1353 :—-
999 1319 1023 1336 “
1040 1315 1182 1353 etenim
1205 1315 1366 1364 dzssqmras
1391 1315 1438 1352 ad

177 1384 345 1422 homines
363 1380 565 1432 pertinet.’'
614 1381 675 1419 Sic
684 1381 885 1430 facultates
902 1381 1078 1430 negative
1095 1381 1356 1430 accipiendum
1369 1380 1435 1418 vii.

178 1454 238 1489 21.
261 1454 318 1496 8.;
349 1449 402 1486 sic
429 1451 527 1486 aetas
553 1460 621 1496 pro
648 1447 800 1485 infirma
825 1451 946 1485 aetate
974 1447 1096 1483 xxvii.
1130 1449 1188 1483 19.
1223 1448 1297 1493 10.‚
1327 1446 1438 1484 xxxi.

181 1520 240 1554 28.
268 1520 316 1561 5.,
343 1514 428 1552 xlii.
459 1517 519 1551 29.
548 1514 582 1552 7.
636 1513 688 1551 Et
706 1513 829 1551 multa
847 1512 1066 1562 hujusmodi
1084 1511 1123 1548 in
1146 1511 1248 1549 curis
1266 1511 1439 1550 secundis

179 1583 227 1620 ad
246 1580 470 1620 Sallustium
489 1579 637 1628 colligo,
665 1578 751 1629 Juq.
774 1581 849 1624 94„
883 1577 1090 1626 “ponderis
1112 1576 1273 1626 gratia.”

237 1672 307 1713 vii.
330 1675 399 1713 33.
428 1672 489 1712 16.
523 1669 622 1711 “Et
648 1669 827 1711 Romani
845 1669 1100 1719 fatebantur,
1125 1701 1132 1709 .
1158 1701 1164 1708 .
1189 1684 1222 1717 .;
1256 1674 1299 1710 et
1323 1667 1442 1711 Sam-

180 1742 304 1792 nites,
335 1757 466 1797 quum
489 1746 770 1795 quaereretur,
796 1771 804 1779 .
830 1771 839 1781 .
864 1773 871 1780 .
895 1771 906 1790 ,
942 1771 950 1780 .
975 1773 981 1779 .
1007 1772 1015 1779 .
1037 1738 1315 1788 aiebant‚--.’'

234 1827 259 1851 ²¹²
277 1827 365 1864 Non
392 1825 621 1874 agnoscitur,
651 1824 795 1873 opinor,
826 1824 927 1873 apud
949 1819 1212 1872 grammaticos
1230 1835 1317 1859 cum
1335 1834 1442 1859 accu-

182 1891 303 1929 sativo
322 1903 501 1941 personae
519 1890 610 1939 poni
628 1903 734 1939 posse
753 1889 953 1939 quaerenda?
965 1889 1123 1926 verbum
1138 1887 1247 1937 quasi
1259 1900 1327 1936 pro
1341 1886 1442 1924 abla-

182 1958 261 1995 tivo
290 1961 327 1994 et
354 1956 642 2005 praepositione.
698 1956 749 1992 Et
776 1958 916 2000 tamen,
948 1954 1040 1991 haec
1065 1966 1186 2003 quum
1216 1954 1312 2001 lego,
1342 1952 1444 1989 ultro

182 2022 288 2060 vonit
307 2022 403 2058 mihi
422 2021 463 2058 in
481 2024 644 2058 mentem
666 2024 712 2058 ut
730 2020 845 2058 velim
864 2019 1047 2058 Sanmites
1075 2031 1183 2068 quum
1210 2019 1443 2068 quaereretur

178 2088 351 2137 jungere.
407 2086 488 2124 Nec
508 2100 612 2124 secus
630 2086 764 2124 xxxiv.
786 2088 847 2123 61.
871 2088 920 2131 8.,
954 2084 1126 2123 “Vocari
1143 2083 1361 2121 Aristonem
1379 2082 1443 2120 de-

183 2155 270 2191 bere
300 2155 338 2190 et
365 2152 496 2202 quaeri
518 2152 612 2201 quid
633 2150 836 2189 venisset.''
892 2150 945 2188 Et
973 2149 1024 2187 sic
1053 2149 1159 2187 codd.
1190 2147 1380 2186 Ciceronis
1395 2161 1439 2196 p.

189 2219 293 2257 Caee.
310 2220 371 2255 33.
389 2220 465 2263 96„
490 2220 513 2237 “
526 2229 656 2266 quaero
673 2220 717 2263 te,
739 2219 900 2266 putesne
913 2246 921 2254 .
940 2244 949 2253 .
965 2244 974 2253 .
988 2214 1030 2253 ‘?”
1079 2215 1141 2252 Sic
1154 2213 1255 2262 apud
1267 2213 1444 2251 eumdem

184 2283 354 2331 Philipp.
375 2281 427 2319 vi.
451 2284 485 2318 1.
510 2284 542 2318 1.
549 2311 558 2328 ‚
581 2282 659 2320 cod.
679 2295 787 2320 meus
806 2293 956 2331 quoque
975 2293 1061 2318 oum
1078 2278 1284 2317 Bai-berino
1303 2281 1342 2316 et
1360 2278 1441 2316 edd.

185 2348 331 2397 aliquot
349 2348 441 2385 vett.
458 2346 696 2384 consentiens
717 2351 740 2368 “
756 2346 857 2396 quod
872 2345 1050 2396 quaesivit
1065 2357 1117 2382 me
1130 2344 1173 2383 P.
1188 2342 1444 2393 Appuleius.'’

185 2414 247 2460 Et,
280 2425 347 2451 cur
364 2424 441 2450 non
458 2411 576 2461 possit
594 2411 648 2450 ita
667 2411 752 2458 dici,
783 2423 859 2449 non
876 2411 998 2450 video.
