1490 2588
579 187 874 224 HANNIBAL.
1295 187 1339 220 21

98 291 366 334 tutabantur!
419 291 550 345 Quasi
580 307 661 333 non
690 290 1014 331 infirmissimum
1037 289 1234 331 adversus
1264 289 1343 328 sor-

96 382 158 416 tes
181 376 290 416 viros
311 375 442 417 telum
476 376 532 416 sit
561 375 682 416 fama.
743 375 936 416 Profecto
968 374 1046 415 hoo
1075 380 1138 415 est
1157 372 1277 414 fateri
1299 373 1341 413 in

94 459 204 500 bello
225 459 406 514 gerendo
434 460 702 515 imperatores
733 458 941 500 Romanos
961 458 1082 514 plane
1105 472 1255 512 pueros
1275 457 1341 498 fu-

93 541 183 585 isse.
244 543 456 591 Ceterum,
488 543 539 584 ad
571 543 760 598 Capuam
792 543 903 597 quod
928 542 1094 591 attinet,
1122 556 1204 582 non
1227 540 1341 595 equi-

92 630 185 669 dem
208 627 365 669 inficias
386 643 448 676 eo,
473 627 573 682 quin
595 627 648 668 sit
664 628 716 668 de
737 627 901 667 luxuria
916 626 1021 667 male
1041 625 1185 666 audire
1206 625 1338 666 solita.

95 715 177 757 Sed
212 721 237 738 ‘⁴
255 729 337 754 non
358 713 489 754 cuivis
510 712 667 753 homini
687 712 894 766 contingit
915 712 1027 752 adire
1050 710 1338 753 Corintlium.”

91 797 187 837 Non
222 796 426 845 omnibus,
457 796 616 850 opinor,
650 795 874 850 Campanis
896 795 1045 836 licebat
1068 809 1155 835 esse
1176 794 1336 835 luxuri-

89 881 182 921 osis.
241 879 423 921 Possunt
453 896 534 921 una
564 881 792 934 eademque
824 880 865 919 in
902 880 1001 920 urbe
1037 878 1336 920 diversissimae

87 979 150 1005 res
172 964 336 1005 luxuria
355 980 401 1006 ao
433 964 682 1020 parsimonia
716 964 951 1006 consistere.
1015 963 1113 1004 Non
1149 963 1334 1018 gratuito

85 1050 255 1092 deliciae
276 1050 378 1097 istae
404 1051 652 1105 Campanae,
685 1050 842 1105 opinor,
878 1056 921 1091 et
941 1050 1027 1090 sine
1055 1049 1189 1104 pretio
1217 1064 1335 1103 para-

84 1133 186 1175 biles
207 1135 398 1175 omnibus
419 1142 547 1184 erant,
584 1150 660 1176 neo
690 1141 885 1189 poterant
915 1148 1166 1188 magnopere
1199 1147 1333 1187 neque

83 1225 134 1265 ad
158 1225 360 1279 populum
384 1226 640 1280 Campanum
672 1240 805 1278 neque
826 1225 878 1264 ad
901 1223 1150 1265 Hannibalis
1175 1223 1333 1265 exerei-

81 1315 170 1348 tum
203 1324 457 1363 permanare.
518 1309 667 1362 Itaque
698 1309 1019 1363 haudquaquam
1046 1309 1148 1349 adeo
1175 1308 1331 1349 effemi-

81 1399 214 1440 natus,
252 1400 484 1443 enervatus,
521 1393 697 1434 imbellis·
731 1399 819 1434 erat
851 1407 903 1434 ne
942 1392 1120 1447 populus
1157 1392 1327 1447 quidem

79 1476 166 1530 ipse
190 1477 438 1532 Campanus.
500 1477 669 1532 Quippe
695 1477 918 1519 fortissime
937 1493 1008 1532 per
1030 1478 1241 1520 biennium
1266 1494 1330 1519 ur—

79 1560 171 1600 bem
194 1574 309 1600 suam
340 1568 485 1602 eontra
513 1561 720 1602 exercitus
750 1562 959 1603 Romanos
991 1570 1074 1602 tres
1107 1561 1330 1604 defensita-

1096 1619 1106 1631 .

77 1651 242 1695 verunt,
270 1659 390 1698 saepe
412 1644 649 1699 eruptiones
683 1645 885 1695 fecerunt,
921 1660 1042 1701 saepe
1062 1646 1103 1685 in
1127 1646 1331 1700 equestri-

79 1727 156 1767 bus
177 1727 342 1781 proeliis
374 1728 606 1782 superiores
633 1730 827 1778 fuerunt3
860 1745 994 1784 neque
1015 1731 1066 1770 ad
1091 1738 1325 1771 extremum

77 1810 162 1852 ulla
183 1811 263 1852 alia
282 1827 326 1853 re
347 1812 424 1852 nisi
452 1813 572 1862 fame,
612 1829 735 1867 quam
758 1823 901 1855 eontra
927 1814 1050 1854 homo
1079 1814 1178 1855 satis
1209 1814 1327 1855 fortis

78 1901 141 1936 est
161 1910 295 1942 nemo,
330 1904 428 1936 sunt
449 1896 609 1937 domiti.
671 1897 731 1938 Et
760 1905 926 1938 tantum
952 1899 1003 1938 ab
1025 1913 1072 1938 eo
1094 1899 1254 1947 absum,
1279 1906 1326 1939 ut

76 1979 310 2026 concedam,
333 1981 663 2034 exprobrandam
687 1981 873 2035 Capuam
895 1996 983 2022 esse
1004 1981 1244 2030 Hannibali,
1278 1990 1325 2022 ut

75 2078 157 2103 non
179 2063 351 2104 minima
370 2063 412 2103 in
433 2063 556 2105 laude
578 2065 728 2105 summi
756 2065 1015 2120 imperatoris
1048 2081 1136 2107 esse
1158 2081 1321 2121 ponam,

75 2147 187 2200 quod
227 2146 348 2187 seivit
384 2153 426 2187 et
461 2147 665 2189 exercitui
705 2148 747 2188 in
789 2156 974 2203 tempore
1014 2148 1232 2205 indulgere
1268 2158 1321 2197 et,

75 2245 203 2284 quum
225 2239 388 2286 tenipus
402 2238 604 2286 posceret,
627 2233 679 2273 ad
700 2232 919 2274 sanitatem
937 2234 1041 2274 etad
1059 2233 1218 2288 justam
1239 2234 1322 2275 dis-

72 2312 265 2367 ciplinam
297 2329 499 2356 revocare.
561 2314 662 2356 Non
682 2316 830 2357 dubito
859 2318 1068 2371 equidem,
1104 2318 1202 2371 quin
1226 2329 1318 2372 post

73 2403 230 2438 tantam
250 2398 464 2440 victoriam
485 2399 641 2454 aliquid
662 2400 884 2442 indulserit
913 2401 1136 2450 militibus3
1169 2410 1211 2442 et
1232 2401 1320 2442 lau-
