1490 2588
532 135 808 173 LIVIANAE.
1248 142 1268 174 2
1275 142 1295 175 5

99 265 155 270 -
184 243 252 282 41.
284 243 345 280 12.
375 246 500 280 “non
537 239 635 294 quia
663 240 759 296 plus
784 240 911 282 animi
931 241 1054 284 victis
1084 246 1189 290 est*‚
1226 243 1297 284 sed

40 310 188 352 melius
209 310 319 351 muri
342 342 351 351 .
376 341 386 351 .
411 342 420 351 .
442 311 619 352 arcent.⁷’

92 397 116 420 ⁷2·
135 397 173 433 N
175 398 309 444 egatur
326 409 403 433 non
424 408 535 433 causa
555 395 828 441 tantummodo,
858 396 1001 445 opinor,
1028 396 1093 433 sed
1115 409 1173 434 res
1201 397 1293 445 ipsa.

39 462 178 511 Itaque
208 461 298 499 ferri
322 475 397 498 non
424 464 548 510 potest
574 460 828 498 indicativus:
860 461 947 498 vide
976 462 1024 499 ad
1050 462 1133 498 xxi.
1166 465 1225 499 40.
1256 466 1290 498 6.

41 527 154 565 Codd.
175 530 303 564 autem
320 526 435 564 multi
453 529 551 564 esset.
588 526 756 571 Mallem,
779 530 823 563 ut
841 526 882 563 in
902 527 1090 564 sententia
1109 528 1293 576 gnomica,

40 593 101 638 sit,
132 593 230 630 sieut
255 592 370 630 etiam
396 592 570 640 sequitur
592 605 781 640 praesens,
813 595 837 611 “
855 593 918 629 sed
941 592 1078 630 melius
1106 594 1232 630 muri.
1255 624 1261 630 .
1288 624 1294 629 .

39 658 199 696 areent.'’
257 658 431 696 Ceterum
447 658 548 706 quod
562 657 733 706 sequitur
744 658 804 694 secl
818 658 926 706 quasi
940 671 1007 706 pro
1023 659 1084 695 sed
1096 659 1194 708 quia,
1209 659 1297 696 vide

37 736 105 760 nos
124 723 170 760 ad
191 723 266 760 Cic.
292 724 372 762 Cat.
392 724 446 760 M.
469 726 530 760 23.
558 726 615 760 84.
635 736 671 759 11.
695 724 770 769 37.,
793 723 834 759 de
852 723 943 760 Fla.
972 724 1024 760 iv.
1051 726 1084 761 1.
1104 727 1138 760 2.

93 844 218 849 --
240 818 301 856 13.
318 820 347 840 “
366 814 518 869 Scipio,
538 814 616 855 nisi
635 847 642 855 .
667 847 675 855 .
700 821 935 857 .transacta
960 830 1025 857 res
1053 822 1176 865 esset,
1208 816 1296 858 1011-

38 886 213 928 tiorem*
231 885 319 927 fore
336 885 521 927 munitae
538 885 653 927 urbis
676 886 1033 941 obpugnationem
1050 893 1180 937 ratus,
1200 888 1293 927 -.''

89 972 114 995 ”’·’
134 970 352 1020 Suspicarer
385 970 571 1007 lentiorem
601 984 687 1016 rem,
726 971 801 1007 nisi
833 974 917 1020 post
948 971 1057 1017 illud,
1093 972 1230 1009 “nisi.
1257 1002 1263 1009 .
1290 1002 1296 1009 .

35 1038 222 1074 transacta
239 1049 296 1073 res
315 1036 450 1082 esset‚''
464 1049 597 1086 parum
612 1036 777 1085 placeret
795 1037 998 1085 repetitum
1016 1050 1163 1075 nomen.
1197 1039 1294 1075 Vide

41 1103 88 1139 ad
107 1102 229 1139 xxvii.
253 1105 312 1140 39.
338 1105 396 1139 14.

93 1221 151 1226 —
171 1196 240 1236 46.
261 1195 323 1235 16.
345 1200 370 1219 “
387 1193 475 1248 qui,
499 1193 611 1235 dicta
633 1194 713 1244 die,
737 1227 744 1235 .
770 1227 778 1235 .
802 1229 809 1235 .
833 1226 843 1244 ‚
867 1194 1037 1251 fugerat
1058 1195 1101 1236 in
1121 1194 1296 1251 legatio-

36 1269 184 1306 nem*.
210 1296 219 1305 .
244 1296 254 1305 .
277 1265 423 1320 populi
437 1265 682 1319 judicium.”

87 1350 112 1373 ÷÷
133 1348 302 1398 Conjecit
324 1350 414 1386 Ant.
445 1349 616 1386 Perizon.
635 1349 791 1399 ficyerat
813 1350 853 1387 in
879 1349 1055 1399 Zeyatione
1071 1351 1291 1399 velsugsera!

38 1414 222 1464 leqfflone,
255 1416 396 1452 frustra
414 1420 643 1464 utrumque:
679 1415 767 1453 vide
786 1429 853 1453 nos
872 1417 916 1453 ad
940 1416 1094 1454 Sallust.
1111 1416 1196 1465 Juq.
1218 1420 1289 1459 61.‚

37 1481 83 1516 ad
103 1480 177 1518 Cic.
198 1481 239 1517 cle
257 1480 307 1517 N.
328 1480 377 1517 D.
397 1480 435 1517 ii.
457 1484 527 1517 43:
560 1481 655 1518 adde
674 1481 772 1519 Taso.
793 1494 828 1519 v.
853 1484 913 1523 37.
939 1484 1024 1519 109.
1060 1482 1158 1519 Vide
1178 1482 1292 1519 etiarn

35 1546 136 1583 infra
153 1546 201 1583 ad
218 1546 356 1583 xxxix.
378 1550 439 1584 29.
462 1549 495 1583 9.

91 1664 149 1669 ———
169 1638 235 1681 47.
259 1640 296 1680 6.
321 1643 348 1663 ‘⁴
364 1637 530 1693 quinam
554 1637 646 1679 finis
666 1644 741 1679 aut
762 1638 901 1694 quod*
925 1639 1251 1680 remedium—.”

87 1724 112 1747 '³¹²
135 1722 264 1760 Lovel.
296 1725 330 1758 3.
360 1723 508 1772 quinam
525 1723 620 1772 finis
648 1722 759 1761 aliter
779 1724 874 1773 quod
899 1724 1108 1769 remedium,
1141 1724 1287 1773 quinam

25 1788 120 1837 finis
148 1788 258 1825 aliter
285 1791 351 1825 aut
376 1789 584 1826 remedium.
642 1789 702 1826 Ne
729 1789 771 1825 in
799 1789 946 1826 diverso
975 1789 1129 1838 quidem
1156 1802 1291 1837 genere

36 1854 199 1891 nominis
222 1854 352 1891 iterari
376 1867 524 1891 11000550
548 1867 626 1892 0550
649 1867 866 1903 pronomen,
899 1854 987 1892 vide
1013 1855 1114 1904 apud
1142 1867 1209 1891 nos
1243 1855 1290 1891 ad

36 1920 110 1958 Cic.
130 1919 233 1956 [ΑΜΖ.-
255 1923 288 1957 2.
314 1921 346 1957 7.
367 1932 405 1956 n.
430 1922 487 1957 18.

86 2011 171 2052 xxi.
201 2015 233 2052 l.
257 2013 293 2050 2.
320 2017 347 2035 “
365 2017 415 2052 ut
435 2010 605 2066 propius
627 2010 860 2066 periculum
883 2010 1054 2060 fuerint,
1077 2011 1151 2065 qui
1179 2011 1288 2053 vice-

32 2086 157 2123 runt*
165 2081 198 2120 .’'

84 2168 108 2190 ÷÷
127 2165 301 2204 Praecisa
320 2166 523 2203 admodum
540 2166 726 2204 brevitate
747 2179 839 2203 usus
859 2166 1011 2203 videtur
1028 2166 1172 2203 Livius
1201 2167 1289 2205 Nisi

31 2235 159 2269 tamen
177 2231 321 2269 excidit
334 2230 554 2277 versiculus,
576 2244 682 2281 quam
702 2231 768 2281 qai
784 2232 875 2269 vieti
890 2234 985 2268 sunt.

87 2348 142 2353 —
178 2325 215 2363 2.
251 2325 288 2363 2.
327 2329 354 2348 “
378 2322 620 2365 Hamilcare
669 2323 780 2366 duce
827 2323 991 2365 Poenos
1042 2338 1156 2364 arma
1200 2323 1287 2365 Ita-

656 2407 680 2431 D
