1490 2588
126 186 139 219 1
151 187 171 219 6
538 182 610 220 EM
616 181 955 222 ENDATIONES

180 325 236 330 -
266 297 330 339 18.
357 298 395 338 6.
424 301 693 338 “memorem
719 296 995 352 cognominis,
1029 294 1170 350 quod*
1199 293 1372 350 populi*

125 366 314 408 colendi*
332 367 449 409 velut
464 367 715 409 hereditaria
731 382 830 410 cura
846 367 925 409 sibi
941 382 965 408 a
979 365 1206 421 majoribus
1222 365 1376 407 tradita

129 437 353 484 esset,-.”

175 524 200 546 ’λ’-
227 536 295 571 quo
322 522 427 559 codd.
459 522 615 572 aliquot,
646 520 830 571 quomodo
857 522 962 560 haud
989 521 1103 559 dubie
1140 519 1378 559 scribendum

126 588 300 625 censebat
319 588 539 626 Gronovius.
585 589 640 625 At
653 588 870 634 rectissime,
889 601 1034 635 censeo,
1051 589 1146 639 quod
1157 586 1380 626 nominandi

127 666 215 690 casu
234 654 282 690 ad
300 667 506 701 cognomen
524 654 710 698 retuleris,
739 666 808 691 nec
830 654 970 691 mirum
994 654 1026 691 si
1046 653 1242 692 concordia
1260 651 1378 701 parti-

128 720 219 769 cipii
229 719 498 769 interpositum
509 733 646 757 nomen
658 722 785 757 secuta
797 722 869 757 est:
884 720 962 757 vid.
976 721 1150 769 Krueger
1160 720 1201 757 cle
1211 719 1380 756 Attraec.

129 786 148 833 ξ
165 788 226 822 23.
283 785 356 824 Sed
375 788 414 822 et
431 785 499 822 issa
522 786 688 822 notanda
717 785 904 832 attractio,
936 798 1124 823 memorem
1144 782 1377 834 ooqnomz‘m's,

129 851 370 900 quodpopzclz'
400 851 548 897 colendi,
570 851 678 900 quasi
706 864 773 900 pro
801 864 986 888 memorem
1005 851 1223 900 eoqnomz'm's
1244 847 1383 899 populi

131 916 281 964 colendi,
302 917 396 966 quod
409 929 482 952 -ε
504 917 607 953 vidd.
630 916 730 954 idem
744 916 927 965 Krueger.
945 913 965 965 ἓ
983 917 1055 962 78.,
1079 916 1258 954 Scheller.
1277 914 1377 952 Obss.

132 996 167 1031 p.
189 986 290 1028 294„
321 995 390 1019 nos
417 983 463 1019 ad
484 982 558 1020 Cic.
579 983 621 1019 de
640 982 726 1020 Fe'n.
748 982 801 1020 iii.
825 985 884 1019 19.
908 985 981 1028 63„
1003 982 1044 1019 de
1064 981 1115 1019 N.
1136 982 1187 1019 D.
1217 980 1274 1018 111.
1303 983 1380 1026 34.,

129 1048 232 1086 Ltcel.
258 1052 292 1085 3.
324 1051 393 1094 12„
416 1049 457 1084 de
483 1048 548 1097 Off
580 1048 635 1085 iii.
672 1051 732 1085 25.
764 1051 825 1084 95.
874 1048 930 1085 Cf.
963 1047 1031 1084 inf.
1059 1047 1111 1084 iv.
1140 1050 1197 1085 13.
1224 1045 1384 1093 4.,¹1“id

134 1127 253 1150 unum
280 1113 437 1161 dignum
459 1140 466 1148 .
487 1142 496 1151 .
515 1142 524 1151 .
544 1114 757 1159 certamine,
780 1114 880 1163 quod
899 1113 1023 1162 {ssyen-3
1047 1112 1308 1149 exsudandum
1327 1123 1382 1148 es-

136 1184 202 1225 set,
220 1179 430 1228 praemium
448 1179 527 1216 fore
539 1181 576 1225 ;”
595 1193 631 1216 v.
649 1183 710 1217 49.
733 1181 780 1224 7.,
799 1183 823 1199 “
838 1179 938 1215 inter
951 1179 1056 1228 jocos
1070 1178 1265 1223 militares,
1287 1189 1382 1226 quos

136 1245 335 1282 incondiaeos
349 1245 545 1294 jaciunt;''
567 1245 649 1281 xlii.
671 1248 730 1282 38.
758 1247 804 1290 8.,
839 1248 862 1265 “
876 1244 1016 1293 privati
1042 1243 1206 1280 maxime
1227 1242 1385 1292 hospitii

134 1310 284 1356 fiducia,
317 1310 418 1359 quod
446 1310 480 1347 ei
510 1313 709 1358 paternum
732 1323 819 1347 cum
841 1309 983 1346 Marcio
1006 1308 1124 1346 erat.''
1181 1308 1290 1346 Adde
1317 1307 1386 1346 inf.

138 1375 185 1413 ad
202 1389 293 1413 xxv.
324 1379 384 1413 24.
409 1379 482 1422 13„
504 1376 615 1414 xxxi.
638 1379 673 1412 2.
696 1379 730 1413 2.

196 1512 250 1518 -
273 1484 343 1524 42.
368 1486 404 1523 2.
430 1489 457 1508 ‘⁶
472 1481 556 1537 qui,
584 1513 593 1522 .
619 1515 627 1522 .
652 1514 660 1522 .
682 1481 794 1524 vinci
817 1497 860 1524 se
883 1497 956 1537 per
976 1485 1125 1523 suum*
1148 1487 1276 1538 atque
1296 1480 1389 1522 illo-

141 1569 233 1596 rum
253 1554 434 1596 dedecus
455 1553 757 1608 patiebantur.”

194 1656 215 1674 ε.
229 1652 300 1688 per
319 1652 494 1676 summum
513 1638 659 1676 illorum
677 1638 823 1676 dedecus
839 1641 858 1675 .9

197 1775 253 1780 —
273 1749 344 1788 58.
365 1749 404 1789 9.
428 1751 450 1770 “
470 1744 634 1800 Oppius
651 1759 818 1800 quoque
835 1744 987 1786 ductus
1006 1743 1050 1784 in
1066 1743 1235 1785 vincula
1254 1749 1332 1794 est,
1349 1750 1392 1786 et

143 1823 239 1858 ante
253 1816 404 1871 judicii
425 1815 535 1857 diem
555 1816 682 1857 finem
699 1815 784 1857 ibi*
806 1816 917 1858 vitae
937 1814 1076 1858 fecit.’'

195 1903 219 1925 ÷÷
247 1901 350 1938 sibe?
404 1901 459 1939 ef.
481 1899 500 1950 g
523 1903 557 1938 6.

200 1995 258 2036 iv.
284 1998 348 2037 18.
378 1998 412 2035 l.
438 2001 465 2021 ‘⁶
483 1994 603 2050 plus*
625 1995 738 2050 spei*
760 1995 803 2036 in
821 1994 1026 2037 trahendo
1046 1993 1158 2037 bello
1178 1992 1303 2035 esse.''

195 2094 220 2117 ’'⁶‘-
240 2093 362 2129 Immo
380 2092 470 2140 plus
491 2092 533 2130 in
557 2092 728 2130 trahendo
755 2092 842 2130 bello
866 2094 944 2141 spei
971 2104 1052 2130 esse.
1107 2091 1165 2129 Cf.
1183 2090 1238 2128 111.
1261 2093 1322 2127 53.
1346 2093 1394 2136 3.,

150 2163 172 2178 ‘¹
190 2158 231 2194 in
249 2158 439 2206 aequitate
458 2171 583 2195 rerum
604 2158 706 2206 plus,
726 2187 735 2196 .
757 2187 767 2196 .
787 2186 796 2196 .
816 2157 947 2207 reponi
960 2158 1040 2207 spei
1057 2157 1096 2205 ;''
1110 2156 1244 2195 xxxiv.
1269 2159 1329 2194 40.
1345 2159 1392 2203 1.,

150 2223 268 2272 “plus
288 2223 486 2261 extimore
499 2224 678 2271 hostium,
702 2254 710 2262 .
735 2255 742 2262 .
766 2254 774 2261 .
794 2224 874 2273 spei
889 2223 1070 2270 nactus;’'
1090 2236 1211 2261 xxxv.
1233 2226 1294 2261 26.
1319 2225 1394 2268 10.,

150 2293 174 2309 “
190 2302 232 2326 eo
245 2289 333 2337 plus
351 2289 393 2326 in
405 2318 413 2327 .
436 2317 444 2325 .
463 2319 471 2326 .
489 2290 568 2338 spei
584 2294 719 2328 nactus
733 2290 769 2337 ;''
790 2290 940 2328 xxxvii.
965 2293 999 2330 1.
1019 2293 1052 2327 2.
1069 2293 1092 2311 “
1105 2291 1151 2327 ut
1162 2288 1301 2339 quibus
1306 2287 1398 2338 plus

149 2354 190 2391 in
212 2384 218 2391 .
241 2382 249 2390 .
270 2384 278 2392 .
299 2355 376 2403 spei
392 2356 529 2393 esset.''
