1490 2588
133 175 154 208 6
547 172 967 212 EMENDATIONES

133 279 194 313 23.
219 280 265 322 7.,
289 277 465 314 Ochsner.
484 277 524 314 in
543 278 677 315 Indice
702 291 742 327 p.
761 281 864 324 485„
893 278 1072 316 Scheller.
1106 278 1203 316 Obss.
1221 292 1259 330 p.
1283 282 1382 326 1450,

131 354 198 378 nos
218 343 435 379 Am'madw.
458 343 499 380 in
517 344 696 381 Fronton.
716 357 752 393 p.
777 347 833 381 19.

191 433 303 474 Ibid.
342 440 522 489 “neque
562 449 605 476 se
644 435 864 491 quisquam
908 450 985 477 neo
1020 435 1240 477 factionis*
1284 451 1384 478 suae

133 504 299 544 alium.”

184 590 208 612 ἢ
227 588 418 625 Faetionis
435 587 442 625 l
488 589 623 626 Nonne
652 592 752 626 recte
784 589 938 638 negavit
974 589 1109 626 Livius
1145 590 1202 628 17.
1243 592 1274 626 1.
1310 589 1384 628 isto

130 656 298 703 tempore
317 654 499 691 factiones
523 654 742 692 exstitisse?
795 655 883 692 Nisi
907 657 1099 704 putamus,
1125 654 1165 691 id
1185 655 1287 704 quod
1304 655 1386 692 veri

130 720 234 757 haud
253 719 436 757 dissimile
454 720 615 766 videtur,
637 720 678 757 in
696 721 911 769 interregno
929 724 1038 758 natas
1057 733 1135 758 esse
1154 720 1348 758 factiones.

191 836 239 843 —
269 815 334 855 19.
362 815 397 852 l.
433 818 460 836 ‘⁶
470 810 593 866 jure*
622 826 713 853 eam
740 811 1017 867 legibusque*
1039 825 1087 853 ao
1119 811 1304 853 moribus
1331 811 1384 853 de

129 881 295 937 integro
317 882 494 924 condere
515 882 675 937 parat.'’

181 968 205 991 ⁷³²
224 967 336 1003 Nihil
346 966 446 1003 infra
461 966 595 1003 Livius
610 967 655 1003 de
657 967 755 1016 jure,
774 965 873 1002 nihil
893 965 938 1002 de
957 965 1103 1014 legibus.
1135 966 1384 1004 Constituisse

128 1035 255 1069 autem
273 1033 440 1069 Numam
459 1032 572 1069 etiam
586 1031 676 1080 jura
694 1030 821 1078 eivilia
847 1043 970 1079 neque
988 1030 1190 1080 religiones
1214 1036 1382 1069 tantum-

127 1098 236 1135 modo
248 1111 370 1146 nuper
387 1097 602 1134 monuimus
619 1097 740 1146 (Obss.
756 1109 786 1133 a.
806 1099 916 1133 1863.
928 1109 965 1145 p.
983 1098 1060 1146 17.)
1075 1097 1122 1133 ad
1140 1097 1265 1134 locum
1277 1097 1382 1135 Cice-

127 1164 229 1200 ronis
248 1164 288 1200 de
302 1164 410 1212 Leyq.
423 1163 446 1199 i.
464 1167 499 1200 5.
524 1166 595 1208 17.,
621 1162 701 1198 “in
718 1162 856 1211 quibus
874 1174 922 1198 ne
940 1161 1060 1198 nostri
1079 1162 1232 1211 quidem
1250 1163 1383 1211 populi

127 1229 263 1278 (scribe
282 1228 484 1277 Pompilii)
504 1228 678 1265 latebunt
697 1240 792 1276 quae
810 1230 994 1264 vocantur
1007 1227 1097 1276 jura
1116 1228 1281 1265 civilia.''
1328 1230 1384 1266 At

127 1295 239 1342 plane
269 1294 409 1331 mirum
439 1297 506 1339 est,
542 1294 588 1331 de
625 1293 816 1342 proposito
845 1293 995 1330 Numae
1024 1296 1198 1341 agentem
1227 1293 1383 1331 Livium

127 1360 209 1409 ejus
228 1359 293 1406 rei,
316 1372 412 1408 quae
430 1359 471 1396 in
481 1359 672 1408 proposito
684 1359 757 1396 isto
771 1358 975 1408 praecipua
985 1371 1072 1407 pars
1089 1358 1216 1405 fuerit,
1236 1359 1384 1397 nullam

123 1426 260 1463 habere
291 1425 487 1470 rationem,
520 1425 565 1461 de
596 1424 751 1462 oonsilio
784 1424 968 1473 religione
999 1437 1042 1461 ao
1079 1428 1185 1462 metu
1215 1425 1384 1463 Deorum

126 1491 269 1528 animos
287 1491 483 1527 hominum
501 1490 697 1528 imbuendi
714 1503 792 1527 non
810 1503 925 1539 quam
942 1489 1108 1539 primum
1126 1491 1247 1528 faeere
1266 1491 1383 1540 signi-

125 1557 351 1594 ficationem.
404 1555 549 1592 Mirum
577 1555 609 1593 si
636 1555 679 1592 in
706 1555 820 1592 unius
841 1554 1115 1604 religiosissimi
1138 1556 1250 1604 regis,
1277 1557 1383 1595 unici

125 1622 354 1671 religionum
372 1620 576 1658 conditoris
595 1621 736 1658 tradito
764 1634 880 1670 regno
901 1633 1091 1669 nusquam
1108 1620 1277 1669 ipsarum
1294 1623 1382 1660 reli-

125 1689 282 1737 gionum
305 1687 530 1724 nominatim
554 1687 654 1724 facta
680 1687 822 1724 mentio
848 1690 914 1724 est.
969 1686 1187 1723 Videndum
1219 1700 1306 1736 ergo
1334 1701 1383 1726 ne

122 1767 199 1790 non
213 1766 280 1802 pro
297 1752 430 1802 Zeyz'bzcs
442 1753 699 1801 reponendum
714 1752 763 1789 sit
774 1752 1022 1801 rele'ffl'om'bus.
1062 1751 1118 1788 Cf.
1134 1751 1210 1788 Cic.
1231 1753 1271 1789 de
1288 1754 1380 1802 Rep.

125 1833 161 1856 v.
185 1820 220 1856 2.
244 1822 277 1856 3.
311 1822 335 1839 ‘⁶
349 1818 425 1855 Illa
444 1822 571 1855 autem
590 1817 773 1855 diuturna
790 1831 867 1867 pax
885 1818 1035 1855 Numae
1051 1820 1172 1854 mater
1188 1818 1278 1855 huic
1296 1820 1383 1857 urbi

115 1885 219 1933 juris
234 1887 267 1920 et
282 1883 468 1933 relz'yz'om's
480 1882 594 1920 fuit.''
649 1884 768 1932 Leges
783 1893 910 1921 autem
923 1883 1081 1932 scriptas
1096 1882 1241 1920 dederit
1255 1884 1384 1923 Numa

126 1963 256 1994 necne,
288 1950 444 1986 obscura
472 1948 642 1998 quaestio
670 1952 726 1986 est
741 1963 749 1986 ε
780 1949 859 1986 vid.
888 1950 1026 1988 Osann.
1057 1950 1104 1989 ad
1133 1951 1206 1989 Cic.
1228 1951 1269 1988 de
1285 1951 1380 1999 Jeep.

123 2029 158 2064 p.
183 2017 281 2060 338„
304 2027 401 2063 seq.;
422 2014 489 2052 ubi
506 2014 663 2052 fortasse
683 2015 920 2052 scribendum
933 2020 1026 2053 :-“
1041 2018 1109 2066 qui
1121 2018 1250 2066 legum
1267 2017 1383 2054 etiam

127 2081 285 2129 scriptor
303 2080 420 2116 fuisse
441 2080 606 2117 traditur
617 2080 909 2128 peritissinms.'’

184 2191 240 2196 —
264 2168 329 2207 20.
353 2169 393 2207 2.
423 2165 520 2220 quia
544 2199 551 2206 .
577 2197 586 2206 .
610 2199 617 2206 .
639 2165 778 2221 plures
800 2166 1014 2219 Romuli*,
1039 2184 1164 2225 quam
1194 2168 1378 2220 Numae,

126 2237 310 2278 similes*
334 2251 454 2292 reges
475 2238 654 2291 putabat
682 2237 812 2279 fore.”

177 2322 279 2349 ’λι-’3
292 2321 443 2358 Poterat
459 2321 649 2358 commode
660 2335 728 2371 per
738 2322 925 2371 pluralem
938 2322 1212 2360 translatitium
1224 2322 1375 2361 Livius:

119 2386 249 2435 plures
270 2386 438 2424 Romulo-s
452 2399 558 2436 quam
577 2386 721 2425 Numas
738 2401 888 2438 reyes—
903 2404 917 2435 ;
936 2388 1048 2427 sicuti
1061 2388 1176 2427 etiam
1194 2387 1380 2438 singulari
