1490 2588
140 155 187 187 42
558 153 975 191 EMlcNDATiONEs

194 285 245 290 —-
272 260 337 297 35.
363 260 399 299 9.
432 264 456 280 ‘⁶
476 264 627 306 tamen,
658 257 780 298 tuto*
813 264 862 299 ut
887 257 1010 298 simul
1039 264 1274 313 pugnarent
1302 272 1392 312 pro-

142 327 436 381 cederentque,
463 327 603 382 Scipio
625 328 904 370 hortabatur.''

194 411 215 431 *
244 412 360 448 Recte
378 411 419 448 in
440 414 515 449 tuto
534 412 656 449 haesit
675 413 860 459 Crevier.;
880 425 947 462 pro
967 425 1041 461 quo
1057 411 1295 449 scribendum
1309 423 1393 448 cen-

140 490 199 513 seo
221 480 313 522 utut,
335 478 372 514 h.
394 491 423 515 e.
444 481 663 527 utcumque,
691 491 842 528 quoquo
860 482 1014 527 possent
1032 477 1153 514 modo.
1210 477 1298 514 Non
1317 489 1394 514 cre-

141 542 237 579 didit
256 543 444 589 librarius,
478 557 581 593 posse
610 544 785 581 hortandi
803 545 962 581 verbum
986 542 1251 593 conjunctione
1271 554 1396 579 carere

137 611 179 644 ut
192 623 205 650 ,·
226 621 273 645 ex
292 609 414 657 priore
435 613 560 647 autem
576 613 618 647 ut
630 610 721 647 fecit
734 613 784 656 ΐιι,
807 612 845 647 et
861 613 894 647 to
909 610 1066 647 addidit.
1103 607 1250 646 Omissa
1269 610 1396 645 autem

139 674 403 723 conjunctione
421 675 554 712 Livius
572 676 620 713 vi.
646 678 704 713 15,
730 679 788 713 10.

198 766 319 807 xxvi.
353 769 415 806 13.
445 761 506 808 1'4.
532 767 664 809 “Nee
689 767 840 822 injuria
864 767 1079 810 forsitan*.
1106 768 1199 811 Nos
1225 783 1394 824 quoque

140 835 249 877 idem
272 837 552 879 fecissemus.’'

193 921 217 943 ⁷²¹·
230 920 387 956 Mallem
400 920 631 968 distinguere
647 935 653 957 :
672 920 750 957 AVec
762 920 903 969 injuria
915 933 926 955 :
938 920 1105 969 forsitan
1116 934 1178 958 nos
1193 934 1391 971 qzcoque—.

141 986 240 1022 Nam
262 985 419 1022 minime
444 986 656 1023 dubitantis
675 987 838 1023 formula
856 988 913 1023 est
934 987 1014 1022 Neo
1033 986 1188 1036 injuria.
1236 987 1292 1024 Cf.
1315 987 1391 1025 Cic.

133 1064 207 1098 pro
229 1050 333 1087 Rose.
349 1051 398 1087 A.
421 1054 481 1087 40.
500 1054 600 1098 116„
616 1053 664 1089 ad
681 1052 722 1095 Q.
737 1053 804 1090 Fr.
819 1051 874 1088 iii.
892 1054 925 1089 8.
947 1054 997 1098 6.,
1019 1052 1060 1088 (Ie
1072 1052 1124 1088 N.
1142 1053 1194 1090 D.
1208 1052 1264 1089 iu‘.
1279 1056 1314 1092 9.
1330 1055 1393 1090 23.

199 1141 308 1183 Ibid.
333 1150 354 1165 “
370 1141 581 1184 cruciatus
602 1142 976 1198 contumeliasque,
998 1157 1101 1198 quas
1117 1147 1282 1198 sperat*
1299 1143 1394 1186 hos—

139 1213 194 1253 tis
217 1245 223 1252 .
248 1245 255 1252 .
281 1246 287 1252 .
310 1212 498 1268 effugere
519 1221 655 1255 morte
679 1247 685 1254 .
713 1245 721 1254 .
746 1246 754 1253 .
777 1214 983 1268 possum.”

191 1286 215 1308 ⁷³²
234 1284 334 1320 Flor.
358 1298 378 1321 a
397 1298 453 1333 pr.
485 1297 535 1321 m.
559 1288 683 1332 perat,
717 1286 762 1322 ab
793 1285 913 1322 altera
937 1288 1065 1333 parat.
1128 1285 1255 1323 Scribe
1268 1288 1391 1334 paret,

139 1350 176 1385 h.
195 1363 224 1386 e.
241 1362 334 1398 quas
347 1352 472 1399 potest
489 1350 609 1387 hostis
635 1363 767 1399 parare
782 1364 789 1387 :
820 1364 897 1388 non
911 1350 1011 1388 enim
1028 1351 1142 1400 plane
1156 1351 1395 1388 affirmationi

140 1416 213 1461 hic,
236 1430 304 1454 nec
342 1417 372 1453 si
399 1418 573 1465 sperandi
598 1418 757 1454 verbum
783 1430 853 1455 nec
881 1417 913 1455 si
933 1417 1103 1466 parandi
1118 1417 1214 1455 velis
1240 1430 1391 1467 ponere,

140 1483 244 1519 locus
272 1486 340 1528 est,
371 1483 435 1520 sed
462 1483 664 1532 potentiali
690 1483 800 1520 modo
828 1483 946 1528 verbi,
978 1483 1077 1520 sicut
1104 1486 1204 1520 recte
1228 1483 1393 1532 potenti-

142 1548 238 1585 alem
256 1548 426 1586 restituit
446 1548 594 1586 Cortius
625 1549 666 1585 in
684 1549 749 1586 isso
782 1548 957 1586 Sallustii
981 1549 1068 1597 chy.
1099 1551 1158 1587 76.
1182 1552 1230 1595 6.,
1258 1553 1283 1569 “
1302 1562 1395 1598 quas

139 1613 233 1650 victi
244 1615 290 1651 ab
304 1614 477 1651 hostibus
491 1627 630 1663 poenas
645 1614 878 1651 metuerent.⁷'
926 1613 1087 1651 Puerilis
1099 1618 1227 1651 autem
1242 1613 1394 1652 videtur

139 1679 319 1727 loquendi
351 1679 484 1716 modus
521 1680 704 1717 cruciatus
741 1679 1042 1729 contumeliasque
1079 1691 1238 1727 sperare.
1295 1680 1396 1728 Ergo

143 1757 190 1781 ex
209 1744 430 1793 pronomine
452 1745 550 1782 male
569 1745 739 1782 adhaesit
757 1745 868 1782 litera
887 1758 915 1782 3.

200 1863 255 1868 ——
278 1840 344 1877 21.
370 1840 408 1877 4.
435 1843 462 1862 ‘⁶
478 1837 606 1893 quod,
631 1837 711 1879 nisi
735 1871 741 1879 .
768 1869 777 1879 .
805 1869 814 1879 .
839 1871 848 1887 ,
880 1842 992 1879 non*
1016 1837 1350 1879 decerneretur.'’

198 1922 222 1944 ³
240 1921 359 1958 Abest
377 1934 447 1958 non
473 1934 494 1958 a
520 1922 625 1959 codd.
651 1922 728 1959 fere
748 1926 786 1959 et
806 1922 888 1960 edd.
916 1924 1031 1967 vett.;
1061 1924 1163 1958 recte
1182 1935 1189 1958 :
1221 1921 1310 1960 vide
1327 1935 1398 1960 nos

143 1986 191 2022 ad
228 1986 382 2024 Sallust.
429 1987 514 2036 Juq.
557 1990 628 2034 54„
665 1988 713 2024 ad
749 1987 824 2025 Cic.
854 1989 895 2025 de
922 1990 975 2026 N.
1006 1990 1056 2026 D.
1075 1985 1100 2025 i.
1122 1991 1183 2026 33.
1222 1991 1330 2034 extr„
1361 1992 1399 2026 et

146 2051 321 2088 Emendd.
348 2052 388 2088 in
411 2052 484 2090 Cio.
523 2052 667 2101 Epistt.
688 2066 725 2102 p.
747 2057 781 2090 5.
799 2068 806 2100 ;
830 2054 914 2091 add.
956 2054 1065 2093 Giese
1080 2056 1127 2093 ad
1146 2054 1222 2092 Cic.
1244 2054 1285 2091 de
1304 2053 1395 2091 Div.

144 2130 180 2166 p.
207 2120 294 2154 356.
343 2116 400 2153 Cf.
421 2117 558 2154 xxxiv:
585 2120 644 2155 16.
671 2121 716 2164 1.‚
739 2119 890 2156 xxxvii.
915 2123 949 2157 5.
971 2123 1006 2157 2.

201 2221 258 2225 —
279 2198 346 2236 31.
369 2198 408 2235 3.
434 2201 461 2219 ‘⁶
479 2195 572 2249 quis
603 2201 770 2252 passos*
800 2212 889 2240 esse
920 2198 1102 2248 hostilia,
1132 2212 1263 2252 quum
1292 2197 1398 2239 feee-

146 2265 274 2314 rint*‚
305 2264 551 2321 indignatur
567 2266 614 2307 ‘1³⁹’

197 2347 222 2371 ²¹⁶²
240 2369 292 2374 -—-
310 2347 334 2370 ⁷³²
354 2347 526 2384 Fortasse
544 2360 551 2383 :
584 2349 664 2397 quis
676 2361 828 2397 passum
847 2362 918 2387 sese
936 2348 1097 2395 hostilia,
1119 2347 1269 2386 hostilia
1287 2360 1395 2398 quum

138 2412 282 2460 fecerit,
304 2412 551 2462 mde'qnatur?
