1490 2588
591 187 886 225 HANNIBAL.
1308 188 1351 222 31

109 296 230 338 bile*.
264 294 376 336 Nam
386 307 522 348 neque
531 291 715 347 gratuito
729 290 908 334 crudelis
922 296 1009 331 erat
1026 289 1237 330 Hannibal
1254 291 1357 344 (non

108 381 211 421 adeo
234 379 388 420 stultus
402 379 524 433 erat),
540 384 582 418 et
595 383 712 418 tanta
732 375 925 417 atrocitas
939 374 1134 415 facinoris
1147 374 1190 414 in
1212 375 1358 415 urbem

108 466 268 521 perlata
289 480 373 506 non
394 470 558 519 poterat,
579 478 676 512 non,
707 462 949 503 mulieribus
972 461 1164 502 omnibus
1185 475 1268 501 uno
1290 475 1360 501 ore

109 550 411 606 flagitantibus,
445 547 587 589 statim
610 547 893 588 Romanorum
914 545 1047 587 facere
1070 547 1225 600 Arpos.
1289 545 1359 586 Tu

111 634 145 674 si
167 634 280 676 voles
301 648 465 674 mecum
478 631 645 673 eredere
667 631 802 672 salvos
823 630 979 671 istosin
1003 631 1145 671 urbem
1168 629 1360 670 remissos

111 733 212 766 esse,
236 732 319 758 non
340 716 473 771 magis
502 714 739 756 mirandum
770 714 848 755 erit
869 714 1043 755 alteram
1064 713 1187 754 istam
1209 712 1359 753 famam

111 801 335 849 exstitisse,
373 815 499 855 quam
540 797 790 840 calumniam
831 797 1067 851 quamdam,
1111 797 1230 851 cujus
1263 811 1362 837 mox

110 886 154 926 in
191 884 459 940 “perfidiae”
491 883 662 924 crimine
697 882 887 924 facienda
919 881 1075 922 mentio
1105 890 1179 922 est.
1246 880 1363 936 Ergo

110 980 249 1029 potest.
268 974 443 1014 fortasse
460 987 607 1013 saevus
623 971 692 1012 ille
709 969 1012 1011 Monomachus
1033 969 1143 1010 istud
1166 968 1340 1009 suasisse
1356 985 1363 1016 ;

112 1065 252 1113 potest
285 1073 382 1099 cum
421 1056 543 1097 minis
574 1055 811 1097 istiusmodi
850 1054 1038 1109 quaestio
1092 1069 1179 1095 esse
1208 1053 1363 1101 habita,

117 1151 242 1197 atque
272 1143 331 1183 ita
351 1142 468 1183 irrita
508 1156 595 1182 vox
625 1141 669 1181 in
708 1155 796 1181 rem
834 1139 988 1180 factam
1029 1153 1117 1180 esse
1153 1153 1363 1179 conversa.

119 1228 175 1267 Et
206 1227 257 1267 ad
287 1226 387 1280 quid
417 1226 469 1266 de
506 1224 745 1266 Hannibale
778 1223 1022 1278 fingendum
1058 1222 1365 1263 credendumve

113 1327 195 1353 non
218 1319 336 1353 erant
369 1310 550 1352 Romani
585 1309 757 1365 parati?
816 1308 1040 1363 Equidem,
1067 1308 1101 1349 si
1122 1308 1363 1356 adducerer,

114 1397 192 1438 hoc
213 1407 299 1437 tam
327 1395 508 1436 immane
535 1394 586 1435 de
620 1393 857 1435 Hannibale
878 1400 928 1434 ut
958 1393 1182 1442 crederem,
1218 1393 1365 1447 utique

113 1466 302 1521 libellum
335 1479 448 1520 hunc
481 1478 733 1520 defensionis
767 1493 817 1519 ex
840 1478 1030 1519 manibus
1057 1477 1300 1532 projicerem
1324 1486 1367 1519 et

114 1580 187 1618 per
217 1563 448 1618 quemlibet
479 1562 606 1603 alium
641 1562 796 1617 potius,
833 1576 958 1616 quam
994 1576 1069 1616 per
1098 1577 1175 1611 me,
1214 1562 1365 1602 famam

114 1648 204 1702 ejus
227 1648 440 1689 defensam
472 1646 655 1687 mallem.
716 1646 881 1688 Verum
908 1647 1017 1687 enim
1058 1661 1153 1687 vero
1188 1645 1365 1687 incredi-

113 1730 207 1772 bilis
247 1738 311 1772 est
349 1745 425 1772 res.
486 1729 627 1770 Homo
668 1736 755 1771 erat
798 1729 1035 1779 Hanniba13
1078 1744 1161 1770 non
1206 1736 1232 1754 “
1252 1730 1368 1771 duris

115 1820 319 1869 genuerat
351 1813 470 1854 illum
507 1812 698 1854 cautibus
730 1813 902 1854 horrens
939 1813 1188 1861 Caucasus‚'’
1229 1828 1366 1867 neque

122 1903 148 1920 “
172 1896 393 1951 Hyrcanae
413 1897 685 1937 admoverant
705 1897 834 1937 ubera
862 1896 1055 1952 tigres†.”
1114 1895 1173 1936 Et
1195 1897 1366 1947 doctusss

118 2023 160 2052 iii.
179 2024 228 2052 37.
247 2024 275 2052 8.
291 2023 361 2051 “ne
373 2023 515 2060 yratuita
541 2021 705 2050 crudelitas
729 2019 838 2050 esset.’'
885 2020 966 2049 Vera
982 2029 1044 2049 esse
1070 2025 1169 2058 potest
1186 2023 1363 2059 emendatio,

118 2088 212 2115 quum
228 2082 331 2107 tamen
348 2079 473 2106 minime
486 2077 581 2106 fuerit
597 2077 733 2115 gratuito
749 2076 879 2106 crudelis
896 2076 1064 2105 Hannibal.

161 2133 180 2149 ³⁶
202 2134 317 2173 Aliqua
332 2144 373 2163 ex
390 2138 473 2172 parte
489 2133 616 2162 conferri
641 2137 740 2171 potest
755 2132 830 2161 illud
856 2132 936 2169 apud
966 2132 1080 2170 Dictyn
1101 2131 1235 2163 Cretens.
1253 2134 1283 2162 ii.
1302 2136 1365 2170 37.,

119 2191 351 2228 “deprehensus
363 2189 457 2229 refert
473 2194 582 2218 cuncta
598 2193 689 2228 atque
701 2188 883 2218 occiditur-J*
931 2188 999 2225 Sed,
1017 2189 1048 2217 id
1063 2190 1143 2228 quod
1160 2190 1259 2228 quivis
1279 2190 1367 2219 facile

119 2250 272 2284 agnoscet,
291 2247 456 2284 plurimum
473 2245 607 2274 interest.

166 2304 186 2339 †
211 2302 405 2333 Contrariam
422 2302 453 2330 in
469 2305 585 2339 partem
603 2301 695 2331 Silius
709 2301 727 2330 i.
748 2302 807 2330 638
824 2312 877 2329 :—

293 2359 311 2374 “
324 2359 374 2395 Et,
393 2367 483 2396 quem
498 2358 609 2401 insana
624 2358 700 2386 freta
717 2362 769 2386 aut
785 2362 884 2387 coetus
897 2359 1182 2397 yennereferarum,

295 2414 315 2430 “
326 2414 470 2443 Vidimus
485 2413 725 2443 Hannibalem.'’

166 2468 185 2509 ζ
207 2471 309 2509 Nepos
323 2470 352 2499 in
370 2470 454 2507 Vita,
472 2480 496 2499 c.
516 2471 564 2499 13.
