1490 2588
515 240 778 278 ALTERAE.
1228 241 1268 274 11

77 347 172 386 -4,
197 347 262 387 14.
302 352 326 371 “
349 360 452 400 quas
476 379 482 385 .
509 377 517 386 .
542 377 551 386 .
576 345 796 387 dedendo*
831 344 882 385 ad
916 358 1060 385 necem
1095 342 1273 398 patriam

42 451 49 459 .
74 451 80 458 .
105 449 113 457 .
135 417 386 472 prodinms.”

71 503 212 539 ⁷¹⁵Forss.
234 502 432 550 prodendo.
462 501 500 538 N
503 510 563 538 am
592 500 735 538 deditio
763 500 919 550 quidem
952 513 1027 538 una
1053 500 1117 537 via
1142 499 1275 537 salutis

23 571 113 607 erat.

77 662 199 701 -15,
220 664 253 701 1.
269 666 351 701 “an
371 693 377 700 .
399 691 405 698 .
425 690 433 700 .
453 658 616 714 Apuli.
638 693 644 699 .
667 691 697 708 .,
715 673 842 714 gens.
864 691 872 699 .
892 691 899 698 .
918 660 1273 708 ‚tentarentm·*.”

70 747 276 783 ἶᾋ--φείῑιν
311 745 415 782 codd.
454 744 628 793 aliquot3
657 746 786 781 recte:
829 743 917 781 vide
949 745 1126 782 Emendcl.
1161 746 1273 794 prior.

19 826 55 862 p.
76 813 136 850 57.
178 811 234 849 Cf.
258 813 316 848 29.
339 814 386 856 9.,
411 810 593 857 “Potitii,
616 823 708 859 gens
731 836 927 856 .......
949 810 1166 847 docuerat.'’

75 929 132 935 —
153 906 219 945 34.
251 905 312 946 16.
337 909 365 929 “
380 903 461 945 hoo
482 903 653 958 quidem
671 903 759 958 jam
781 908 938 958 regno*
961 903 1120 945 simile*
1144 905 1245 946 estf’

72 991 97 1014 ἦ·
112 989 269 1026 Mallem
287 1001 437 1037 reynum
458 991 520 1026 est.
579 988 636 1025 Cf.
658 1001 694 1025 v.
717 991 752 1024 2.
777 992 824 1033 8.,
849 993 873 1009 “
890 990 991 1038 quod
1010 990 1154 1027 tribuni
1174 990 1273 1027 mili-

21 1058 104 1093 tum
127 1085 133 1092 .
158 1084 166 1093 .
190 1085 198 1093 .
218 1068 369 1104 refluum
388 1054 643 1092 exeroerent.’'

77 1164 120 1189 x.
144 1149 212 1188 21.
241 1151 302 1188 14.
328 1147 584 1203 “ingentem
608 1146 865 1188 exereitum*
890 1146 1148 1190 Gallorum.’'

71 1234 96 1258 κ
137 1233 183 1272 G.
202 1246 228 1270 e.
255 1233 409 1270 Gaertn.
436 1233 542 1269 Fort.
569 1232 747 1281 iwyentem
768 1232 841 1269 vim
878 1233 920 1268 G.
936 1247 947 1268 .·
976 1233 1063 1270 vide
1096 1234 1273 1273 Emendd.

19 1299 133 1349 prior.
153 1312 188 1348 p.
209 1301 291 1345 19.;
322 1298 416 1335 adde
434 1297 600 1335 xxxviii.
625 1300 682 1335 16.
707 1300 738 1334 1.

80 1417 132 1423 -
149 1394 215 1432 25.
256 1394 316 1432 18.
351 1396 376 1415 ‘⁶
393 1397 599 1446 quantum
623 1423 629 1430 .
656 1421 665 1430 .
692 1422 700 1430 .
723 1389 848 1432 belli*
882 1399 991 1433 esset
1022 1394 1275 1450 quantisque

19 1462 397 1505 administrandum
418 1461 583 1517 copiis.''

71 1547 264 1585 &Mallem
284 1547 432 1584 bellum.-
459 1560 494 1584 ν.
516 1547 563 1583 ad
581 1546 631 1583 iv.
656 1548 717 1585 57.
742 1549 772 1584 1.
792 1547 927 1596 Neque
946 1547 986 1584 in
1000 1548 1102 1586 edita
1115 1549 1276 1588 lectione

19 1616 119 1652 reete
137 1614 206 1651 illa
222 1613 439 1663 quantisque
454 1613 545 1651 adm.
567 1613 679 1662 copiis
697 1613 897 1662 procedere
915 1613 1104 1653 videntur.

78 1732 134 1738 -—
148 1707 215 1750 29.
253 1708 317 1747 12.
351 1710 378 1730 “
397 1705 712 1761 Campanorum
742 1705 863 1757 alam,
898 1707 1154 1763 quingentos
1188 1710 1275 1753 fere

22 1777 249 1834 equites*.'’

72 1863 268 1901 *Mallem
286 1874 399 1912 equos
428 1862 480 1899 Et
498 1861 551 1899 sic
579 1861 703 1907 hodie,
731 1862 811 1912 qui*
831 1862 930 1901 bella
957 1866 1126 1911 narrant,
1156 1866 1277 1904 solent

23 1942 130 1979 saepe
143 1941 269 1978 equos,
283 1928 377 1966 item
389 1927 535 1976 gladios
554 1928 704 1977 aliaque
720 1928 798 1965 ‘cela
815 1928 1007 1972 militaria,
1024 1930 1149 1978 potius
1162 1944 1276 1980 quam

23 1994 174 2040 milites,
197 1994 264 2043 qui
294 1993 387 2043 ipsis
417 1995 593 2040 utuntur,
628 2007 839 2031 numerare.
891 1994 1000 2032 Adde
1029 1995 1096 2033 inf.
1116 1997 1163 2034 ad
1194 1998 1275 2036 xxi.

25 2063 85 2097 45.
107 2063 142 2097 2.

83 2152 176 2192 xxi.
216 2152 280 2196 17.
312 2155 351 2195 9.
386 2156 414 2177 “
436 2150 554 2193 Duas
584 2151 770 2207 legiones
794 2185 801 2192 .
826 2185 832 2192 .
857 2183 866 2193 .
891 2152 1028 2195 Gallia
1062 2156 1276 2209 provincia

26 2223 169 2265 eodem
190 2222 325 2264 anno*
348 2236 465 2264 versa
483 2222 527 2263 in
549 2222 759 2266 Punicum
780 2223 935 2266 bellum
959 2224 1143 2267 habuit.'’

78 2321 102 2345 ²¹⁶
115 2321 164 2358 In
181 2320 288 2357 nullo
301 2319 428 2358 codiee
441 2322 498 2358 est
512 2333 604 2358 amzo
618 2320 830 2360 inventum.
888 2322 1016 2361 Scribe
1031 2336 1093 2360 :-
1103 2325 1144 2362 G.
1151 2338 1273 2374 prov„

0 2424 1 2437 χ
29 2398 64 2423 eo
79 2387 163 2423 dum
180 2399 322 2424 versum
340 2386 389 2424 P.
410 2385 453 2433 b„
475 2385 614 2425 habuit.
