1490 2588
152 159 200 192 68
565 157 984 196 EMENDATIONES

206 286 262 292 —
288 261 351 305 17.
373 264 412 303 8.
443 261 597 316 “quod
622 261 734 304 bello
764 261 925 318 captis*
959 268 1002 305 et
1041 261 1259 305 hostibus*
1304 277 1396 305 mos

149 331 294 373 esset.”

204 417 228 440 ⁹⁶
246 438 298 443 —
315 416 340 440 ⁹⁵
363 416 489 453 “Non
519 415 668 465 pejus‚”
707 415 762 454 ait
793 416 1018 463 Gronovius,
1051 417 1188 456 “foret
1217 420 1339 467 captos?
1367 419 1402 454 et

152 481 304 519 hostes?
357 481 455 519 Vide
474 482 521 518 ad
539 495 575 519 v.
598 485 660 518 54.
683 485 718 520 6.

210 599 267 604 -
288 572 352 614 18.
370 573 433 613 11.
451 572 610 615 “exire
634 605 641 613 .
664 606 672 614 .
697 605 704 613 .
720 573 848 628 jussis
865 573 1074 630 primum*
1090 588 1204 615 arma
1214 572 1405 615 ademit.’'

205 659 230 682 ÷÷
250 657 377 694 Credit
397 657 558 695 Crevier.
578 658 739 695 alterum
758 659 968 696 membrum
987 658 1176 708 quoddam
1194 657 1400 704 excidisse3

155 724 319 761 frustra:
350 723 437 760 Vide
464 736 533 761 nos
560 725 607 761 ad
627 724 699 762 Cic.
720 724 761 762 de
779 724 870 762 Flu.
900 724 924 762 i.
955 727 989 761 6.
1028 726 1103 771 17.‚
1137 724 1219 763 Cat.
1250 724 1307 760 M.
1340 725 1399 760 13.

157 793 233 836 45.,
255 790 296 826 de
322 788 388 839 Off.
407 789 431 826 i.
457 792 516 826 14.
537 793 598 828 44.

213 908 270 914 —
291 884 357 921 21.
385 885 418 922 1.
441 886 468 906 “
484 881 667 923 moveri*
689 895 774 923 non
794 881 958 923 ausus.''

211 981 234 1003 ἢκ
253 978 360 1004 novae
378 965 435 1004 rei
447 965 545 1004 m'hz'l
557 978 665 1003 ausus
677 967 697 1001 ,9

218 1084 274 1088 —
305 1058 371 1097 22.
402 1060 463 1097 10.
492 1062 520 1082 ‘⁶
536 1055 732 1106 maxime,
770 1056 885 1112 quod
916 1056 1100 1099 hostium
1119 1056 1233 1099 haud
1261 1056 1407 1112 procul

162 1128 260 1170 inde
280 1127 455 1169 hiberna
475 1128 629 1169 erant.”

211 1214 236 1237 ⁵⁵
272 1213 388 1250 Recte
429 1211 592 1250 Crevier.
636 1211 769 1261 jungit
784 1212 1017 1258 :—maxz'me‚
1048 1211 1142 1261 quod
1177 1240 1187 1249 .
1212 1240 1221 1249 .
1242 1240 1250 1249 .
1287 1215 1404 1257 erema,

162 1278 325 1316 territus.
353 1278 464 1324 Nam,
487 1279 532 1315 ad
552 1277 742 1327 superiora
759 1280 804 1315 ut
821 1278 1015 1316 referenda
1032 1279 1158 1316 essent
1175 1277 1278 1324 haec,
1294 1280 1407 1315 essent

161 1344 399 1383 scribendum
418 1346 509 1382 erat.

219 1470 274 1476 —
294 1444 363 1484 23.
387 1445 426 1484 2.
451 1444 572 1484 “sub
593 1443 801 1485 radicibus
826 1458 955 1499 prope
978 1442 1128 1486 inviis*
1157 1442 1406 1485 montium.'’

215 1529 241 1553 ÷÷
258 1528 361 1566 Fort.
381 1527 481 1576 ipsis.
512 1527 569 1565 Cf.
600 1528 754 1566 Sallust.
780 1529 862 1567 Cat.
885 1530 945 1568 57.
968 1532 1003 1566 3.

218 1644 275 1651 —-
295 1645 350 1650 —
371 1623 412 1661 3.
431 1625 454 1644 “
471 1618 544 1674 qui
565 1618 836 1674 Epirotarum
856 1618 1053 1675 gentem*
1075 1618 1295 1662 habebat.”

214 1705 239 1729 ⁹⁵
257 1703 359 1741 Fort.
367 1703 604 1753 juventutem.

221 1810 325 1852 xliv.
348 1812 387 1852 6.
410 1814 449 1853 3.
480 1816 508 1836 “
527 1810 639 1866 Ipse,
668 1843 677 1852 .
702 1841 711 1852 .
736 1811 915 1868 .raptim
939 1843 948 1853 .
968 1843 977 1852 .
998 1842 1007 1852 .
1028 1811 1252 1868 congestis,
1270 1810 1410 1854 ocius*

165 1881 397 1937 demigrare
418 1881 612 1937 Pydnam
633 1882 787 1938 cogit.''

215 1967 240 1991 'Y'
267 1967 450 2004 Abundat
468 1967 576 2005 ooz'us.
621 1969 745 2016 Aegre
764 1970 890 2005 autem
907 1969 1031 2017 potest
1048 1966 1271 2016 significatio
1286 1966 1413 2016 aliqua

164 2031 436 2098 oppidaffrum
454 2033 592 2072 abesse.
646 2034 746 2082 Ergo
772 2033 925 2071 videtur
950 2033 1047 2071 male
1073 2033 1214 2070 lectum
1240 2044 1412 2081 compen-

166 2097 272 2134 dium
290 2099 341 2135 οἰδ
360 2111 426 2147 pro
446 2099 570 2136 onmis.
619 2099 674 2136 Of.
687 2099 839 2136 Diodor.
858 2099 931 2137 Sic.
947 2099 1045 2148 apud
1060 2099 1192 2145 Drak.‚
1213 2113 1240 2133 π
1253 2097 1274 2133 ά
1291 2113 1311 2133 ν
1325 2113 1345 2133 τ
1361 2113 1383 2133 a
1398 2112 1414 2132 ς

197 2191 204 2199 .
225 2191 234 2200 .
255 2162 500 2211 ἀνεχώρησεν
528 2162 579 2199 εἰς
607 2166 771 2202 Πύδναν.
825 2165 977 2202 Mavult
1004 2167 1131 2202 autem
1154 2177 1262 2213 saepe
1280 2162 1414 2201 Livius

166 2229 206 2265 in
225 2228 361 2277 oppido
380 2229 508 2278 aliquo
527 2243 593 2278 per
612 2230 764 2279 synesin
783 2230 984 2280 quamdam
1002 2229 1185 2279 respicere
1202 2229 1329 2279 potius
1355 2228 1412 2266 in-

167 2293 266 2331 colas
284 2307 397 2343 quam
415 2295 553 2332 diserte
571 2295 786 2334 nominare:
816 2295 893 2334 vid.
912 2296 947 2334 J.
964 2296 1007 2334 F.
1030 2295 1190 2334 Gronov.
1212 2295 1260 2332 ad
1274 2295 1329 2332 ix.
1351 2297 1412 2332 41.

169 2361 217 2406 3.,
239 2359 405 2397 xxxviii.
427 2363 489 2397 29.
512 2364 560 2409 9.,
580 2374 725 2399 necnon
742 2374 809 2399 nos
828 2361 875 2399 ad
894 2361 1044 2400 Sallust.
1062 2373 1100 2410 p.
1122 2362 1204 2398 199.
1225 2359 1257 2398 b.
