1490 2588
420 571 718 611 HENR.
764 569 1068 610 ALANI

513 694 938 747 HANNIBAL
962 716 980 754 ,-

126 850 314 898 SIVE
368 847 925 911 DISPUTATIO,
977 848 1157 910 QUA,
1208 848 1368 898 ETC.

658 1007 832 1027 —0—-

125 1128 283 1170 GRAVE
307 1144 411 1170 onus
433 1128 665 1184 suscipiunt
686 1129 727 1178 ii,
762 1129 803 1169 in
833 1128 1070 1170 Hannibale
1102 1127 1174 1181 qui
1208 1127 1372 1182 culpam

124 1213 305 1268 aliquam
322 1213 420 1254 artis
433 1213 721 1268 imperatoriae
743 1212 1053 1268 deprehendere
1070 1212 1148 1253 sibi
1163 1212 1372 1260 videntur,

126 1300 300 1354 ejusque
335 1298 538 1340 rationem
573 1299 747 1354 gerendi
780 1298 881 1340 belli
917 1298 993 1339 sibi
1031 1305 1204 1338 sumunt
1236 1312 1375 1338 emen-

127 1383 321 1424 dandam.
374 1382 539 1435 Quibus
556 1397 807 1438 magnopere
829 1382 1042 1430 suaserim,
1062 1388 1157 1423 eant
1172 1388 1213 1422 et
1229 1381 1273 1420 in
1289 1380 1375 1421 lilio

127 1467 266 1522 aliquo
288 1467 354 1508 vel
375 1482 466 1508 rosa
487 1466 691 1508 maculam
713 1466 897 1520 aliquam
914 1473 1114 1520 quaerant
1134 1465 1267 1519 iisque
1289 1472 1376 1505 stu-

128 1552 252 1592 deant
283 1551 435 1592 addere
467 1550 647 1592 coloresl
679 1558 776 1591 eant
809 1558 852 1590 et
885 1549 1079 1605 flagranti
1108 1549 1280 1590 meridie
1302 1548 1377 1589 soli

129 1650 246 1676 suam
262 1635 512 1676 admoveant
524 1635 736 1676 lucernam
753 1635 760 1676 1
793 1633 998 1682 Profecto,
1021 1633 1055 1674 si
1072 1633 1164 1687 quis
1178 1648 1378 1687 umquam

129 1718 182 1758 ad
200 1718 301 1760 haec
321 1725 510 1774 tempora
526 1726 658 1760 artem
679 1716 851 1760 militiae
863 1718 995 1768 novit,
1020 1719 1054 1759 si
1070 1719 1163 1772 quis
1180 1732 1378 1772 umquam

130 1809 276 1851 artem,
300 1817 423 1856 quam
437 1802 668 1851 factitabat,
683 1802 850 1858 penitus
866 1801 1099 1857 percalluit,
1116 1801 1151 1841 is
1167 1799 1380 1842 Hannibal

131 1886 230 1934 fuit3
253 1901 328 1928 nec
340 1886 459 1928 facile
473 1887 643 1928 concedi
656 1894 804 1941 potest,
818 1887 1048 1940 quidquam
1059 1901 1166 1933 eum,
1185 1885 1296 1939 quod
1306 1900 1380 1940 po-

132 1971 296 2013 testatis
317 1986 414 2012 suae
434 1971 573 2021 fuerit,
597 1979 670 2012 aut
686 1971 871 2013 omisisse
892 1977 965 2012 aut
981 1985 1064 2011 non
1086 1977 1198 2012 recte
1219 1970 1377 2020 secisse,

133 2058 269 2099 virum
285 2057 406 2112 plane
421 2056 685 2112 singularem,
710 2057 878 2098 unicum
900 2056 998 2098 belli
1012 2055 1226 2106 artificem,
1250 2057 1382 2111 impe-

132 2147 313 2182 ratorem
361 2140 554 2182 omnibus
594 2141 777 2183 numeris
817 2141 1070 2190 absolutum,
1123 2140 1191 2182 cui
1239 2156 1381 2195 parem

134 2224 260 2266 fuisse
276 2224 435 2279 reperio
452 2224 674 2274 neminem,
698 2224 908 2266 neminem
924 2224 1004 2265 nisi
1018 2224 1145 2279 longo
1162 2223 1381 2265 intervallo

137 2309 378 2350 secundum.
440 2307 512 2356 Et,
547 2308 620 2362 qui
643 2307 686 2348 id
719 2308 798 2350 sibi
829 2315 1014 2358 sumunt,
1046 2315 1177 2349 artem
1210 2307 1381 2349 militiae

140 2391 416 2434 Hannibalem
449 2399 494 2433 ut
525 2392 724 2434 edoceant
757 2393 845 2447 (sus
878 2391 1126 2442 Minervam,
1159 2398 1206 2432 ut
1227 2392 1379 2446 aiunt),
