1490 2588
170 166 217 200 60
587 162 1008 201 EMENDATIONES

226 295 281 302 —-
317 268 384 313 37.
423 270 485 308 13.
524 272 550 292 “
567 281 611 308 re
646 266 759 322 apud
792 266 990 308 Achaeos
1025 265 1209 322 precaria
1240 266 1422 319 libertas,
1488 315 1489 319 Ἰ

168 339 279 394 apud
301 337 517 380 Romanos
537 337 691 380 etiam*
713 337 935 393 imperium
956 337 1058 379 est.’'

219 437 245 461 ’κ’
263 439 297 473 et
316 436 406 474 Lov.
429 439 464 472 6.
500 435 676 473 Fortasse
682 436 750 485 jus
769 437 873 484 apud
887 436 1070 473 Romanos
1089 439 1124 473 et
1142 436 1337 485 imperium
1359 439 1424 474 est.

167 502 225 540 Cf.
244 502 399 539 Sallust.
429 501 515 551 εἶαρ.
535 504 594 539 14.
618 504 664 547 1.,
698 502 791 549 “jus
810 504 843 538 et
862 502 1059 550 imperinm
1076 514 1191 552 penes
1208 515 1275 539 vos
1293 501 1421 549 esse;''

165 568 189 605 J
192 567 307 605 ustin.
336 567 476 605 xxxix.
511 570 544 604 1.
573 571 619 613 9.,
651 570 733 605 “ut
758 581 896 605 nomen
923 568 1023 616 regis
1055 581 1171 617 penes
1202 567 1336 612 filium,
1356 569 1424 618 juo

166 637 295 670 autem
309 633 431 670 omnis
449 633 601 682 imperii
618 646 733 682 penes
750 637 911 671 matrem
929 636 1025 671 esset
1037 633 1073 679 ;''
1094 633 1222 682 ipsum
1240 632 1324 672 Liv.
1341 633 1422 671 xlv.

169 702 229 736 13.
256 702 327 746 15.,
352 704 376 720 “
389 699 600 736 dominium
619 702 657 737 et
669 700 736 748 jus
756 712 886 737 eorum
905 699 973 749 qui
992 699 1165 737 dederint
1185 699 1305 738 esse.’'

222 852 279 857 -
300 826 369 867 39.
393 826 431 863 2.
463 828 487 846 “
506 822 588 865 Cn.
626 821 816 864 Licinius
849 828 893 863 et
926 821 975 861 L.
1007 820 1171 876 Pupius
1200 854 1208 861 .
1233 853 1240 861 .
1265 854 1273 862 .
1302 827 1346 863 et
1371 820 1419 863 C.

167 893 362 935 Valerius
382 893 533 935 flamen
551 892 686 935 Dialis
708 899 750 935 et
775 892 829 946 Q.
851 892 1033 935 Fulvius
1064 892 1242 934 Flaccus
1266 892 1322 949 (is
1346 926 1353 932 .
1378 925 1385 933 .
1409 924 1417 932 .

163 964 349 1005 maxima
381 979 436 1005 ex
468 964 662 1005 omnibus
693 963 982 1020 contentione)
1015 965 1256 1019 petebant*,
1290 969 1420 1006 certa-

164 1049 345 1090 menque
367 1034 430 1077 ei*
453 1049 550 1077 cum
570 1034 740 1076 flamine
760 1035 888 1077 erat.'’

215 1135 240 1158 ‘³⁶
257 1159 309 1165 —-
323 1134 347 1157 ⁷?-
366 1133 455 1170 Non
475 1134 570 1170 bene
601 1132 831 1170 constitutus
855 1132 960 1169 locus
984 1131 1148 1176 videtur,
1180 1144 1304 1181 neque
1327 1145 1418 1170 enu-

163 1199 369 1237 meratione
398 1198 691 1247 competitorum
727 1198 799 1235 isto
834 1198 946 1235 modo
981 1211 1049 1246 per
1078 1198 1237 1235 verbum
1270 1197 1420 1247 plurale

162 1265 290 1302 clausa
313 1265 545 1301 commodam
571 1264 687 1301 habet
707 1264 742 1301 ei
763 1276 969 1313 pronomen
991 1264 1038 1300 ad
1063 1263 1286 1301 antecedens
1309 1276 1421 1301 suum

160 1331 392 1368 relationem.
448 1331 499 1368 Et
531 1330 772 1368 scribendum
796 1343 928 1367 censeo
943 1330 1082 1368 z—Cn.
1116 1329 1288 1367 Licinius
1318 1332 1353 1366 et
1371 1329 1415 1366 L.

161 1399 310 1446 Pupius
341 1426 349 1434 .
373 1424 381 1432 .
403 1424 412 1434 .
444 1400 478 1433 et
513 1397 553 1435 C.
584 1396 755 1435 Valerius
776 1397 917 1447 flamen
947 1395 1078 1433 Dialis
1114 1399 1150 1432 et
1184 1395 1225 1439 Q.
1257 1395 1418 1435 Fulvius

161 1463 317 1501 Flaccus
334 1485 387 1490 —
406 1463 438 1499 «εἷς
461 1492 470 1500 .
493 1492 501 1499 .
526 1492 533 1499 .
560 1463 721 1500 maxima
753 1476 795 1500 ex
823 1462 986 1500 omnibus
1016 1461 1236 1499 contentione
1257 1461 1415 1510 petebat,

161 1533 405 1579 certamenque
433 1529 469 1565 εἴ
494 1541 572 1565 eum
586 1528 744 1578 flamine
773 1532 862 1566 orat.
919 1528 981 1565 Sic
1006 1527 1234 1565 nominativi
1255 1529 1418 1577 quatuor

160 1596 240 1633 sine
259 1596 371 1633 verbo
391 1595 563 1641 abibunt,
597 1595 698 1643 quod
716 1594 876 1643 legentis
895 1594 1082 1644 cujusque
1106 1593 1255 1631 am‘mus
1282 1606 1412 1643 prope-

159 1661 258 1699 rabit
276 1674 344 1710 per
362 1660 542 1710 syllepsin
561 1661 724 1709 figuram
741 1661 908 1699 reddere.

219 1807 273 1813 —
296 1784 363 1824 49.
391 1786 424 1822 l.
455 1789 483 1807 ‘⁶
499 1781 803 1837 Philopoemen
824 1786 991 1836 praetor
1006 1795 1151 1823 eorum
1163 1780 1339 1837 capitur,
1361 1781 1415 1824 ad

158 1852 541 1909 praeoccupandam
564 1852 773 1895 Coronem
798 1852 1090 1908 [profectus*‚]
1127 1867 1254 1907 quam
1273 1851 1415 1894 hostes

157 1925 373 1980 petebant,
409 1923 453 1965 in
483 1923 592 1966 valle
621 1922 766 1978 iniqua
795 1937 891 1965 cum
922 1922 1136 1978 equitibus
1166 1922 1309 1979 paucis
1339 1937 1413 1980 op-

158 1995 359 2050 pressus.⁷’

209 2103 232 2125 e
252 2102 371 2138 Abest
395 2113 417 2137 a
441 2100 545 2137 codd.
569 2100 766 2149 profectae.
821 2099 1016 2142 Quomodo
1042 2112 1129 2148 ergo
1153 2098 1281 2148 potuit
1309 2099 1411 2137 exci-

156 2168 243 2205 dere
258 2166 275 2203 ἱ)
301 2167 382 2204 Nec
394 2166 518 2215 placet
532 2178 734 2203 concursus
746 2165 818 2202 iste
831 2164 1128 2214 participiorum,
1135 2164 1324 2214 profectus
1337 2193 1346 2202 .
1367 2193 1376 2202 .
1400 2194 1408 2201 .

156 2244 355 2281 oppressam.
410 2231 511 2268 Mihi
529 2231 681 2268 videtur
703 2231 851 2279 integer
875 2230 1072 2280 archetypi
1089 2229 1227 2267 codicis
1245 2229 1409 2267 versicu-

154 2298 216 2334 lus
234 2296 431 2343 excidisse,
454 2309 563 2346 qumn
578 2300 667 2334 esset
678 2296 880 2346 profectus,
901 2309 923 2333 a
937 2309 1046 2346 quum
1064 2295 1252 2345 particula
1263 2295 1410 2334 scilicet

155 2363 202 2400 ad
220 2363 424 2401 relativum
442 2374 549 2412 quam
569 2362 676 2401 oculo
693 2361 841 2400 librarii
859 2362 1066 2400 aberrante.
