1490 2588
186 170 232 203 34
664 168 960 205 HANNIBAL.

182 277 393 324 oporteret
426 270 598 312 victoria
629 271 724 325 uti.)
787 271 903 325 Quid
931 273 1057 314 tum?
1117 272 1283 329 Nempe
1309 290 1431 331 repu-

181 354 314 395 diavit
334 354 562 409 gratuitam
590 355 896 397 concessionem
920 356 1143 406 Hannibal,
1177 362 1220 397 et
1238 364 1349 398 recte
1368 372 1432 399 re-

180 438 385 491 pudiavit,
408 437 451 478 id
472 438 585 492 quod
607 438 644 479 ei
665 453 830 480 necesse
852 446 940 480 erat
959 439 1105 489 faeere,
1134 439 1213 480 nisi
1233 439 1433 482 voluisset

180 521 353 576 imperio
375 537 418 563 se
439 522 641 570 abdicare,
673 529 715 563 et
736 529 800 563 tot
830 523 1097 577 imperatores
1127 522 1292 572 habere,
1329 530 1434 577 quot

180 606 422 660 praefectos.
483 605 542 646 Et
569 606 726 647 fatetur
757 606 904 648 Livius
926 607 969 647 in
989 622 1032 648 re
1054 607 1178 648 simili
1207 622 1322 648 suam
1353 606 1433 648 sol-

180 689 288 731 visse
323 690 602 731 Hannibalem
633 690 758 731 fidem
787 690 906 730 xxiii.
934 695 996 734 19.
1025 692 1084 733 16.
1149 690 1232 733 Sed
1252 690 1311 731 ita
1329 691 1434 732 fate-

180 781 263 822 tur,
296 781 344 814 ut
365 781 506 815 tamen
528 773 777 815 calumniam
809 774 1031 827 quamdam
1061 773 1328 828 premendam
1348 787 1433 813 non

174 858 504 912 putaritz—“Id
525 857 663 899 verius
685 865 762 906 est,
787 873 911 912 quam
933 858 984 898 ab
1007 857 1148 912 equite
1169 857 1212 897 in
1232 858 1432 898 abeuntes

174 941 359 982 immisso
399 941 683 982 interfectos.”
763 941 950 983 Hoccine
986 956 1085 996 ergo
1116 940 1357 995 exemplum
1387 940 1430 980 in

177 1026 313 1067 animo
335 1027 491 1068 habens
521 1027 660 1081 potuit
683 1026 830 1067 Livius
852 1026 1048 1081 perfidiae
1069 1025 1349 1067 Hannibalem
1369 1024 1431 1064 in-

177 1109 402 1151 simulare?
454 1112 563 1151 Nam
577 1111 628 1151 ad
644 1110 912 1151 Victumvias
930 1110 1129 1165 oppidum
1150 1110 1261 1164 quod
1277 1108 1430 1150 attinet

176 1202 272 1248 post
306 1194 561 1235 deditionem
591 1194 743 1235 factam
774 1193 1109 1248 praesidiumque
1139 1199 1356 1248 acceptum
1386 1199 1429 1233 et

176 1293 289 1318 arma
325 1278 479 1318 tradita
510 1277 718 1318 hostiliter
746 1277 957 1332 direptum
989 1277 1096 1331 (xxi.
1133 1277 1201 1319 57.
1240 1278 1338 1330 13.),
1375 1276 1428 1317 ad

176 1361 457 1415 praefectum*
480 1361 686 1416 praesidii5
707 1361 894 1416 quisquis
915 1361 1007 1410 fuit,
1028 1361 1108 1401 ista
1120 1360 1288 1401 infamia
1301 1359 1426 1415 perti-

176 1452 259 1485 net.
322 1444 381 1485 Et
415 1445 519 1485 nihil
554 1445 728 1486 alienius
760 1444 1006 1485 Hannibalis
1038 1444 1269 1485 rationibus
1301 1450 1428 1497 atque

175 1528 371 1570 instituto
399 1529 486 1570 fieri
509 1536 686 1584 poterat,
720 1544 844 1583 quem
866 1544 990 1583 supra
1017 1528 1141 1583 paulo
1165 1531 1251 1583 (48.
1280 1531 1361 1583 10.)
1383 1527 1427 1567 in

177 1613 380 1655 Clastidio
402 1613 492 1654 vico
514 1614 668 1654 tradito
701 1613 799 1654 facit
829 1613 977 1654 Livius
1006 1614 1159 1654 famam
1186 1612 1427 1653 clementiae

176 1695 217 1735 in
259 1696 461 1752 principio
501 1712 640 1738 rerum
680 1697 958 1751 colligentem.
1027 1695 1197 1750 Quippe
1236 1695 1294 1736 sic
1334 1710 1425 1749 spes

175 1780 307 1820 omnis
346 1782 529 1834 praecisa
566 1779 660 1830 fuit,
723 1795 842 1834 posse
890 1780 932 1819 in
978 1786 1190 1834 posterum
1235 1778 1335 1819 alios
1375 1777 1428 1818 ad

176 1863 432 1904 deditionem
452 1863 620 1918 impelli.
681 1863 741 1904 Et
762 1864 883 1918 plane
904 1863 1117 1918 geminum
1139 1862 1335 1917 perfidiae
1355 1877 1426 1903 ex-

176 1947 361 2002 emplum
394 1948 504 2002 apud
542 1948 754 1989 Romanos
785 1954 934 1995 exstat,
967 1947 1113 1988 Locris
1144 1947 1246 1987 urbe
1267 1961 1290 1986 a
1311 1960 1428 2000 prae-

176 2031 351 2072 sidiariis
382 2032 583 2073 militibus
614 2032 735 2073 foede
755 2047 850 2074 cum
872 2031 983 2073 omni
1004 2031 1226 2072 vexatione
1255 2029 1427 2084 oppida-

175 2129 324 2155 norum
364 2114 540 2169 direpta,
578 2115 698 2156 xxix.
737 2116 773 2156 8.
814 2119 880 2164 8.;
921 2121 970 2155 ut
1004 2115 1195 2155 omittam
1236 2112 1426 2153 Marcelli

222 2228 240 2245 ἕ
266 2226 337 2254 Non
353 2226 458 2255 tribuit
484 2227 589 2256 Livius
610 2237 673 2257 rem
703 2226 891 2263 Hannibali3
916 2227 976 2263 sed,
1004 2226 1098 2255 lector
1123 2225 1296 2263 imprudens
1311 2233 1348 2253 ne
1371 2224 1425 2253 tri-

176 2282 287 2317 bueret,
304 2282 433 2311 debebat
450 2291 565 2313 cavere.
