1490 2588
160 194 208 228 30
431 191 853 230 EMENDATIONES
882 191 1147 231 LIVIANAE

209 297 233 320 ’λι
252 296 284 332 F
287 299 356 333 ort.
367 297 403 344 f.
423 309 516 340 suae,
539 296 715 333 soez'orum
727 309 770 344 p.
791 296 852 342 R„
875 296 945 334 dir.
967 309 1048 334 esse.
1097 297 1184 335 Vid.
1205 297 1355 335 eortius
1370 301 1416 338 ad
1461 294 1464 298 Δ

158 361 311 399 Sallust.
333 362 420 410 Juq.
443 363 503 400 77.
528 363 560 399 1.

1348 454 1356 469 5

214 450 318 491 xliv.
344 453 383 490 4.
411 452 452 490 4.
479 449 713 491 “infestius
734 464 982 492 concursum
1004 452 1084 493 ab*
1106 452 1203 502 illis,
1225 453 1317 494 si—
1334 455 1342 468 ’

209 535 233 557 ‘³¹²
251 534 283 570 F
286 538 354 571 ort.
375 533 417 571 ab
439 533 516 584 [lais
535 537 622 570 esset
642 537 675 570 et
694 533 758 584 ab]
780 534 870 572 illis.

212 653 268 659 ——
294 632 359 669 10.
384 632 423 669 2.
462 627 711 670 “incautior
734 627 876 670 Nicias
897 627 1040 670 Pellae
1066 629 1323 684 projiciendo
1344 645 1413 686 pe-

155 698 303 739 cuniae
336 702 542 753 partem*,
581 699 695 753 quod
729 699 869 740 fuerat
903 705 1076 740 nactus:
1114 701 1187 741 sed
1221 699 1265 741 in
1298 705 1412 742 rem*

155 769 459 810 emendabilem
480 770 594 810 visus
616 769 756 824 lapsus
778 784 881 819 esse,
906 771 1116 824 quod-.’'

206 854 310 881 ⁷'·²—*'·'·
331 853 460 890 Scribe
475 853 763 901 t—-qn'qu'ez'endo
770 853 1017 901 pecunc’arzmz
1029 854 1255 903 quodfuerat
1265 857 1392 891 nactus
1401 869 1412 891 :

153 918 214 953 «secl
240 918 280 954 >27⁹2
301 921 450 965 partem
478 917 730 954 emendabilem
757 918 856 954 visus
883 918 1006 966 lapsus
1034 932 1114 957 esse.
1171 919 1227 957 Of.
1251 919 1326 957 Cic.
1341 933 1414 968 pro

147 972 258 1019 Raso.
280 984 369 1020 Am.
392 986 453 1019 20.
477 986 553 1028 56„
587 986 752 1020 “tamen
771 983 812 1019 in
833 996 915 1020 eam
927 987 1076 1032 partem
1094 985 1222 1033 potius
1241 990 1411 1033 peccant,

152 1060 248 1095 quae
277 1051 335 1084 est
366 1047 549 1085 cautior.’'
608 1047 708 1085 Cael.
738 1049 839 1097 apud
865 1049 942 1087 Cic.
973 1050 1021 1086 ad
1037 1050 1144 1087 Fam.
1169 1049 1250 1088 viii.
1283 1053 1341 1088 11.
1364 1054 1411 1095 4.,

153 1117 178 1132 “
192 1113 291 1150 malo
310 1113 351 1149 in
370 1113 468 1150 hane
480 1116 630 1161 partem
650 1113 813 1150 errare.'’

209 1233 264 1236 —
292 1209 354 1247 15.
376 1210 416 1247 5.
440 1205 672 1247 “Rhodios
694 1206 875 1248 nuncio*
898 1206 941 1247 in
962 1208 1062 1249 orbe
1077 1213 1281 1249 terrarum
1304 1208 1412 1250 arbi-

962 1278 981 1294 79

150 1277 230 1317 tria
255 1307 264 1316 .
291 1308 300 1316 .
325 1307 334 1315 .
357 1291 507 1331 agere:
541 1277 755 1318 Deorum*
778 1284 957 1318 nutu—-

203 1361 308 1387 ἦ-7’
327 1361 429 1398 Bene
450 1360 673 1397 Perizonius
699 1373 793 1397 omne
814 1391 821 1397 .
847 1390 854 1397 .
879 1390 886 1397 .
908 1374 1037 1398 eorum.
1098 1360 1183 1407 Sed,
1211 1373 1259 1398 ne
1278 1361 1411 1398 literae

1078 1415 1130 1431 <—‚

152 1429 248 1466 duae
276 1432 444 1478 pereant,
478 1430 635 1467 fortasse
665 1430 927 1467 scribendum:
960 1443 1055 1467 mmo
1081 1431 1136 1467 02'0
1163 1431 1342 1481 (omnino)
1371 1431 1412 1468 in

150 1494 230 1531 orbe
251 1498 444 1532 terrarmn.

207 1599 295 1640 xlv.
328 1600 370 1639 4.
410 1603 442 1639 1.
479 1599 749 1641 “Marcolica
775 1599 932 1642 nobili*
963 1601 1067 1642 urbe
1094 1607 1228 1656 capta,
1265 1600 1409 1643 decem

150 1670 290 1724 pondo
311 1669 414 1718 auri,
439 1677 482 1710 et
502 1669 669 1724 argenti
690 1669 743 1710 ad
771 1685 977 1711 summam
1006 1670 1188 1712 sestertii
1208 1671 1346 1713 decies
1366 1671 1409 1712 in

149 1740 350 1781 aerarium
375 1740 563 1781 retulit.'’

203 1825 227 1848 2²
245 1824 323 1860 Vix
352 1824 579 1872 respondere
606 1823 800 1861 nobilitati
819 1824 924 1861 urbis
942 1824 1122 1862 videntur
1141 1837 1276 1862 aurum
1294 1828 1332 1862 et
1351 1838 1408 1863 ar-

149 1893 319 1937 gentum.
376 1890 479 1926 Fort.
502 1889 662 1937 rfflzobz'lc'.
718 1890 819 1926 Nam
838 1889 926 1938 quis
944 1902 1126 1939 umquam
1145 1891 1190 1927 de
1210 1891 1412 1928 Marcolica

148 1955 262 1991 fando
282 1955 462 1992 audivit?
516 1954 603 1992 Nisi
623 1955 719 1991 forte
738 1954 780 1991 in
797 1955 967 1992 numeris
986 1958 1152 1993 erratum
1171 1960 1238 1993 est.

208 2069 264 2075 ———
286 2049 355 2086 20.
379 2049 417 2089 9.
444 2052 470 2070 “
487 2060 596 2087 nova
615 2044 802 2100 falsaque
824 2045 997 2087 erimina
1013 2046 1107 2101 plus
1129 2047 1274 2089 obesse
1292 2046 1407 2088 Rho-

149 2115 229 2156 diis
253 2146 262 2155 .
288 2147 297 2155 .
324 2146 334 2155 .
356 2148 364 2164 ‚
389 2120 543 2170 quam*
565 2116 740 2170 antiqua
760 2116 949 2157 merita.'’

200 2200 225 2222 ⁷³²
254 2199 355 2236 Fort.
382 2200 552 2246 prodesse
583 2212 691 2248 quam
723 2200 878 2249 antiqua
910 2200 1051 2237 merita.
1117 2199 1249 2237 Potuit
1281 2202 1406 2237 autem

149 2264 324 2301 omittere
341 2264 519 2301 librarius
536 2266 709 2312 verbum,
739 2279 859 2314 quum
878 2269 1122 2314 transponere
1141 2266 1269 2303 Vellet.
1322 2265 1407 2303 Etsi

148 2329 276 2366 eodem
296 2329 409 2378 plane
437 2331 546 2367 modo
565 2329 634 2367 inf.
658 2333 720 2369 24.
745 2334 793 2377 8.,
828 2334 851 2351 “
867 2343 915 2368 ne
928 2331 1018 2379 plus
1037 2330 1130 2368 obsit
1154 2330 1274 2377 nobis,
1305 2330 1406 2379 quod
