1442 2604
502 541 716 597 HENR.
767 541 983 596 ALANI

184 706 811 757 EMENDATIONES
870 708 1302 758 LIVIANAE.

608 844 841 863 ——0—

167 956 196 997 i.
224 960 259 998 l.
283 961 320 998 3.
354 961 382 981 “
400 956 468 997 et*
491 955 535 996 in
556 970 682 1011 quem
703 956 886 1011 primum
907 955 1062 1012 egressi
1084 963 1184 998 sunt
1213 956 1366 1007 locum,

112 1026 244 1082 Troja
264 1032 452 1076 vocatur,
473 1057 483 1067 .
509 1060 515 1067 .
541 1057 550 1067 .
571 1042 676 1083 gens
698 1026 893 1069 universa
914 1026 1077 1069 Veneti
1093 1028 1331 1083 adpellati.''

163 1113 188 1137 θ(-
206 1113 324 1150 Recte
341 1112 457 1149 Drak.
477 1111 519 1148 in
536 1112 755 1161 parenthesi
774 1111 894 1161 accipi
912 1112 1004 1150 haec
1022 1112 1166 1158 voluit;
1189 1114 1254 1150 sed
1272 1114 1370 1150 frus-

107 1180 167 1216 tra
195 1178 297 1216 idem
327 1177 368 1215 in
399 1177 659 1227 parenthetica
689 1178 824 1227 copula
852 1178 995 1215 haesit:
1031 1191 1106 1227 qua
1133 1179 1231 1215 nihil
1259 1179 1369 1217 Livio

109 1244 299 1282 usitatius.
354 1243 411 1281 Of.
440 1243 509 1280 inf.
539 1246 573 1280 6.
606 1246 655 1288 3.,
686 1243 739 1280 ix.
773 1246 834 1280 28.
867 1247 916 1289 5.‚
946 1244 1030 1281 xxi.
1058 1247 1117 1280 12.
1153 1246 1200 1290 7.,
1232 1248 1293 1282 54.
1318 1250 1367 1292 9.‚

108 1310 206 1348 xxii.
239 1313 273 1347 1.
307 1312 381 1356 19„
412 1309 523 1346 xxiii.
559 1311 591 1345 1.
624 1312 672 1354 6.,
704 1312 766 1346 44.
800 1310 848 1355 7.,
878 1309 986 1347 xxiv.
1010 1311 1043 1348 7.
1067 1313 1114 1354 3.,
1144 1323 1235 1346 xxv,
1258 1315 1291 1347 8.
1316 1316 1365 1357 9.,

113 1377 172 1427 17.
204 1379 255 1422 4.,
287 1379 348 1413 25.
378 1378 412 1412 5.
445 1375 529 1425 (ubi
546 1375 664 1424 vide),
697 1377 757 1411 30.
789 1378 839 1421 2.,
871 1375 995 1412 xxvii.
1028 1378 1059 1411 1.
1092 1379 1138 1420 2.,
1173 1380 1207 1413 9.
1235 1380 1282 1423 1.,
1309 1380 1366 1414 11,

113 1445 188 1487 14.,
217 1444 280 1478 48.
303 1446 352 1488 6.,
382 1441 522 1478 xxviii.
545 1443 579 1478 2.
600 1444 650 1486 4.,
682 1443 744 1479 37.
767 1444 814 1487 5.‚
836 1441 946 1478 XXiX.
969 1444 1004 1478 3.
1029 1444 1077 1486 8.,
1109 1444 1169 1479 23.
1192 1446 1240 1486 4„
1270 1457 1365 1479 xxx.

111 1511 145 1544 3.
169 1511 218 1553 6.,
249 1511 285 1544 4.
311 1510 381 1553 10„
412 1507 523 1544 xxxi.
546 1509 608 1544 45.
634 1508 705 1552 15„
735 1506 860 1544 xxxii.
884 1508 942 1543 11.
966 1509 1001 1543 9.

165 1624 222 1630 —-
243 1602 282 1640 3.
306 1602 344 1643 9.
377 1605 405 1624 “
420 1598 614 1654 Agrippa
634 1597 732 1640 inde
754 1598 945 1641 Tiberini
960 1598 1138 1640 filius*.'’

159 1683 228 1732 *fl
251 1684 291 1722 T.
320 1684 449 1721 Helm.
475 1686 508 1720 1.
555 1684 656 1732 Ergo
675 1684 832 1721 fortasse
851 1683 1055 1721 delendum
1077 1696 1215 1721 nomen
1231 1684 1341 1734 filices
1355 1703 1367 1731 ,-

107 1749 209 1798 quod
236 1749 450 1799 saepissime
477 1749 579 1798 apud
605 1749 760 1786 Livium
788 1749 1037 1787 subauditur:
1068 1749 1171 1787 videl.
1203 1750 1364 1787 Gronov.

108 1816 156 1852 ad
186 1815 323 1852 xxviii.
346 1818 406 1852 12.
432 1817 502 1861 13„
526 1815 645 1852 Gebh.
674 1818 712 1852 et
730 1815 848 1852 Drak.
871 1816 918 1852 ad
933 1815 1082 1852 xxxvii.
1104 1818 1161 1851 18.
1188 1819 1220 1852 1.
1260 1818 1368 1855 Adde

108 1880 176 1917 inf.
198 1881 246 1917 ad.
262 1880 303 1917 ii.
326 1884 361 1918 6.
384 1884 430 1927 6.,
460 1881 596 1918 xxxiv.
620 1884 680 1918 52.
703 1885 738 1918 9.

163 1998 220 2003 —
241 1975 282 2013 4.
304 1974 342 2015 9.
373 1977 401 1997 “
418 1972 739 2027 pastoribusque
769 1974 917 2026 rapta*
940 1971 1167 2013 dividere.”

159 2058 184 2081 ἦ
202 2057 305 2094 Fort.
322 2059 456 2104 parta:
486 2056 533 2093 cf.
554 2070 592 2093 x.
616 2059 678 2094 39.
708 2059 758 2102 4.,
796 2055 972 2104 “praeda
986 2056 1166 2104 opulenta
1187 2086 1194 2094 .
1220 2088 1226 2093 .
1252 2088 1258 2094 .
1278 2071 1368 2106 par-

108 2126 146 2160 ta
159 2121 199 2165 ;'’
230 2121 329 2160 xxii.
350 2124 413 2160 20.
437 2124 487 2168 9.‚
522 2122 703 2171 “majore
724 2151 732 2158 .
756 2151 764 2159 .
790 2121 1126 2171 .praedaparta.”

161 2241 218 2248 —
239 2220 280 2258 5.
303 2217 341 2258 6.
375 2222 403 2242 “
420 2215 753 2272 sciscitandoque
768 2215 942 2258 eodem*
961 2215 1166 2271 pervenit,
1189 2222 1239 2256 ut
1255 2215 1367 2256 haud

106 2287 253 2343 procul
274 2293 384 2330 esset
403 2287 508 2342 quin
528 2286 712 2329 Remum
733 2287 1018 2343 agnosceret.’'

157 2373 182 2397 ⁹⁵
201 2371 368 2410 Divisim
387 2371 628 2410 scribendum
646 2372 822 2409 censebat
840 2371 994 2421 Lipsius
1022 2370 1176 2419 quidem
1204 2382 1239 2405 eo
1269 2369 1362 2413 dein,

723 2450 745 2474 Β
