1442 2604
106 177 145 213 iv
624 187 846 212 PRAEFATIO.

163 279 336 336 Scriptis
349 285 490 321 autem
502 278 863 321 emendationibus
875 278 977 320 meis
991 278 1193 321 delenda*
1206 279 1354 336 putavi

105 352 141 394 si
173 366 279 407 quae
304 349 487 406 comperi
513 350 602 404 jam
627 351 679 393 ab
706 350 798 392 aliis
824 364 913 392 esse
939 355 1155 405 occupata.
1223 349 1354 406 Spero

105 422 211 464 nihil
230 421 470 476 hujusmodi
490 436 557 463 me
577 421 746 477 fugisse.
802 420 876 463 Sin
899 419 1002 475 quid
1023 419 1104 462 erit
1125 420 1356 475 deprehen-

105 508 210 542 sum,
237 492 325 546 jam
357 498 455 533 ante
489 491 686 547 profiteor
716 490 977 547 paratissimo
1004 504 1070 532 me
1097 490 1236 533 animo
1266 505 1354 533 esse

104 565 156 605 ad
184 578 300 604 suam
327 562 478 617 cuique
504 562 672 605 laudem
692 562 976 604 reddendam:
1008 561 1165 616 quippe
1193 561 1299 602 nihil
1331 577 1355 604 a.

103 630 288 671 moribus
332 628 434 670 meis
466 635 676 671 remotum
719 628 866 684 magis,
908 642 1035 683 quam
1065 627 1174 670 velle
1208 627 1354 670 alienis

104 700 251 755 opibus
282 713 479 741 creseere.

160 770 278 811 Haec
296 769 428 825 igitur
447 768 575 810 habui
594 768 674 811 hoe
693 775 894 824 tempore,
929 769 982 810 ad
1001 767 1354 823 jucundissimum

102 842 395 884 historicorum
408 840 714 883 emendandum
727 855 835 896 quae
856 840 974 897 quasi
993 840 1037 882 in
1051 839 1232 882 transitu
1256 853 1355 881 con-

101 913 250 955 ferrem
267 928 276 953 :
309 926 393 967 quo
414 927 509 954 eum
539 911 652 953 haud
673 926 771 954 sane
790 927 857 954 me
878 911 997 968 piget
1022 916 1088 953 tot
1108 917 1204 966 post
1223 924 1353 952 annos

102 984 221 1039 quasi
240 983 283 1024 in
303 982 483 1039 gratiam
503 982 684 1024 rediisse.

145 1098 163 1115 ’θ
187 1100 257 1129 Non
280 1107 399 1128 necesse
418 1098 514 1128 habui
538 1098 636 1128 delere
651 1099 732 1137 quod
751 1098 930 1136 scripseram
947 1098 986 1126 ad
1004 1096 1108 1127 xxvii.
1132 1098 1160 1126 5.
1183 1097 1212 1127 6.
1258 1096 1349 1134 Nam,

100 1143 182 1182 quod
197 1144 289 1172 etiam
305 1143 422 1172 addidit
443 1142 621 1180 Madvigius
643 1142 760 1179 datam,
783 1150 818 1171 eo
837 1141 904 1172 loco
918 1140 1034 1171 addidit
1053 1142 1139 1182 (post
1161 1148 1181 1169 a
1203 1138 1349 1179 consule),

101 1186 153 1216 ubi
167 1195 227 1215 non
243 1187 287 1215 ita
302 1185 391 1215 facile
402 1188 521 1224 poterat
536 1185 686 1215 excidere.

154 1341 353 1380 chblz'm'i:
391 1342 467 1380 Cal.
499 1341 698 1391 Septembr.
730 1353 956 1379 mnechXIv.

616 2076 846 2126 (Pamantur)

259 2179 625 2213 OBSERVATIONES
649 2181 700 2213 IN
724 2181 761 2218 Q„
787 2179 994 2214 CURTIUM
1012 2166 1189 2212 'RUFUM
