1490 2588
643 121 938 159 HANNIBAL.
1354 125 1375 158 2
1383 123 1401 160 7

161 225 319 280 opinor,
346 224 527 266 humana
547 239 668 267 carne
690 226 801 267 vesci
821 225 989 267 solitum
1010 238 1098 266 esse
1121 223 1401 266 Hannibalem

160 317 204 350 et
233 308 492 364 disciplinam
523 323 686 350 omnem
716 309 1000 364 virtutemque
1030 307 1211 349 militum
1233 308 1401 363 Capuae

158 392 503 447 pessumdedisse.
562 392 756 434 Manibus
787 400 926 435 autem
958 400 1084 447 atque
1116 392 1239 433 armis
1269 407 1399 447 quum

156 476 262 516 nihil
302 483 444 517 contra
478 476 757 518 Hannibalem
797 477 956 518 efficere
995 482 1164 532 possent
1203 475 1397 526 Romani,

156 559 301 613 utique
322 559 485 614 linguas
506 560 548 600 in
566 575 660 601 eum
680 562 896 602 acuebant.
948 561 1020 612 Et,
1043 576 1172 616 quum
1194 567 1397 602 servatam

154 642 227 682 tali
247 643 289 683 in
310 644 424 694 urbe,
454 643 527 684 tali
548 643 590 683 in
612 644 810 693 exercitu,
836 644 1095 699 disciplinam
1115 644 1308 685 admirari
1329 644 1397 685 de-

152 726 310 775 berent,
333 727 521 768 funditus
542 741 726 768 eversam
746 727 971 782 fingebant,
1007 743 1132 782 quam
1153 727 1259 769 male
1280 742 1393 768 suae-

151 816 236 850 met
257 809 387 850 famae
409 810 684 859 consulerent,
708 825 791 851 non
812 810 1109 866 intelligentes.

205 894 272 934 At
304 894 412 935 enim
447 894 559 948 apud
594 894 750 949 peritos
786 894 936 935 artium
976 893 1217 935 militarium
1257 893 1390 947 majus

146 984 362 1031 peccatum
396 978 474 1019 hoc
501 977 763 1033 Campanum
793 985 856 1020 est
887 978 1089 1027 habitum,
1123 992 1247 1032 quam
1276 978 1388 1031 quod

144 1075 227 1101 non
268 1076 320 1102 ex
361 1061 572 1103 Cannensi
611 1061 697 1102 acie
736 1062 925 1116 protinus
966 1061 1141 1102 Romam
1187 1059 1385 1100 duxisset.

145 1143 364 1186 Cannense
385 1145 554 1199 quidem
574 1152 805 1200 peccatum,
837 1145 914 1185 nisi
934 1144 1088 1186 frustra
1108 1158 1273 1198 operam
1293 1157 1386 1197 per-

142 1228 242 1278 didi,
265 1229 408 1270 videor
424 1229 610 1270 docuisse
630 1229 756 1270 fuisse
777 1228 950 1269 nullum.
1002 1227 1134 1269 Periti
1155 1234 1294 1268 autem
1315 1225 1385 1265 isti

137 1311 289 1352 artium
311 1312 567 1363 militarium,
600 1313 750 1367 quibus
772 1328 917 1368 parum
939 1327 981 1354 se
1003 1311 1214 1353 Hannibal
1234 1311 1381 1366 proba-

137 1394 257 1445 verit,
290 1396 363 1451 qui
386 1396 555 1447 fuerint,
590 1397 818 1446 nescimus3
850 1397 953 1437 illud
982 1395 1147 1445 scimus,
1180 1394 1240 1436 rei
1271 1393 1378 1434 mili-

134 1479 233 1520 taris
246 1480 312 1521 vel
333 1481 513 1522 maxime
528 1481 708 1536 peritum
723 1481 945 1536 Polybium
965 1480 1006 1520 in
1021 1479 1110 1521 istis
1126 1494 1210 1520 non
1230 1477 1377 1519 fuisse:

132 1564 204 1616 qui
227 1563 392 1604 videtur
418 1565 551 1620 magis
581 1572 809 1606 castrorum
841 1571 937 1605 ante
970 1563 1214 1613 Casilinum,
1249 1576 1375 1616 quam

130 1645 489 1689 hibernaculorum
513 1648 693 1704 Capuae,
725 1648 929 1690 rationem
952 1647 1158 1689 habuisse.
1220 1646 1336 1700 Quid
1351 1647 1372 1687 P

128 1745 265 1772 nonne
298 1731 386 1786 ipse
421 1732 570 1774 Livius
603 1748 706 1774 XXX.
746 1735 817 1775 20.
858 1737 897 1777 9.
941 1731 1221 1773 Hannibalem
1254 1731 1368 1779 facit,

128 1812 452 1869 haudquaquam
484 1823 702 1871 corruptae
725 1817 894 1872 Capuae
926 1816 1165 1871 disciplinae
1189 1814 1370 1855 militum

127 1898 424 1952 poenitentem,
449 1901 521 1941 sed
537 1916 580 1943 se
600 1902 872 1951 incusantem,
891 1901 1004 1956 quod
1020 1900 1128 1942 circa
1150 1899 1369 1940 Casilinum

127 1980 366 2036 Cumasque
387 1991 429 2024 et
446 1983 599 2025 Nolam
620 1985 901 2026 consenuisset
914 1986 935 2026 P
975 1984 1104 2039 Ergo,
1122 1984 1222 2026 haec
1239 1999 1368 2039 quum

125 2059 303 2115 fingeret
324 2060 486 2111 Livius,
510 2078 637 2118 grave
667 2064 867 2106 delictum
898 2064 1011 2106 istud
1033 2064 1291 2120 Campanum
1313 2079 1367 2105 ex

124 2145 321 2185 memoria
357 2145 580 2188 exciderat.
640 2147 766 2189 Nulla
799 2163 898 2204 ergo
934 2149 1102 2204 Capuae
1135 2149 1366 2191 recordatio

123 2228 306 2269 animum
333 2229 577 2272 Hannibalis
603 2231 840 2273 momordit.
901 2231 1175 2287 Propiusque,
1204 2233 1362 2288 opinor,

122 2310 174 2351 ad
197 2312 412 2354 veritatem
424 2313 482 2355 rei
497 2315 753 2365 accedemus,
775 2315 809 2356 si
825 2315 1063 2366 dixerimus,
1087 2316 1365 2361 Hannibalem
