1490 2588
191 223 240 256 34
567 221 744 259 CURAE
775 222 1054 261 SECUNDAE

243 347 294 354 —
313 326 376 361 33.
399 327 432 361 2.
452 325 615 363 Minime
626 327 797 375 poenitet
815 338 875 364 me
889 326 1140 366 divinationis
1157 339 1274 366 meae.
1319 329 1378 367 Cf.
1395 327 1467 367 iv..

190 392 252 426 45.
270 393 318 435 1.‚
345 393 368 410 “
384 390 559 437 Servitia,
576 393 709 429 urbem
720 395 765 430 ut
776 392 1024 431 incenderent
1042 422 1051 431 .
1071 421 1080 430 .
1101 421 1109 431 .
1129 421 1139 439 ,
1159 393 1448 443 conjurarunt.''

242 475 294 481 -ψ
314 458 374 492 42.
396 459 429 493 4.
453 455 511 493 Cf.
534 457 636 494 Dict.
660 458 828 496 Cretens.
848 458 890 495 11.
913 462 976 495 22.
997 461 1097 496 extr.

243 542 290 546 —
315 523 375 557 52.
399 524 434 557 6.
456 521 565 558 Adde
581 522 841 571 z—Simplicis
860 527 990 561 autem
1006 523 1252 573 participium
1269 523 1313 561 in
1330 523 1449 562 simili

190 597 230 621 re
248 584 377 632 posuit
397 588 435 622 et
454 585 589 623 Livius
607 587 690 625 viii.
712 591 772 625 10.
798 591 856 626 10.
877 591 915 626 et
932 588 1061 626 Valer.
1082 589 1189 626 Max.
1209 602 1246 628 v.
1269 592 1302 628 1.
1322 592 1356 626 6.

242 649 350 686 xxiv.
373 653 406 688 8.
429 652 460 688 7.
482 652 537 688 At
554 665 657 690 nunc
684 666 817 690 revoco
846 654 1114 703 conjecturam.
1140 654 1257 692 Vidd.
1281 653 1448 704 interpp.

192 714 238 750 ad
259 715 411 752 Terent.
432 717 508 753 Ad.
529 716 570 753 ii.
592 720 626 754 2.
647 721 698 764 4.,
720 718 880 767 Rupert.
902 719 950 756 ad
970 719 1038 757 Sil.
1058 719 1146 757 Ital.
1165 719 1192 756 i.
1214 722 1276 757 39.

244 801 292 807 —
309 783 368 817 49.
389 784 426 818 5.
451 781 509 819 Cf.
530 783 597 819 Sil.
622 783 712 820 Ital.
733 784 814 821 xvi.
836 784 911 830 47„
937 784 1095 821 “medus
1113 783 1240 822 telis.'’

243 866 295 872 ——
315 849 376 883 46.
398 849 433 883 2.
457 847 568 889 Quod
585 849 768 898 majorem
787 849 871 886 dixi
888 862 1103 895 numerum,
1125 849 1172 888 cf.
1187 849 1239 887 ix.
1261 851 1322 886 24.
1343 852 1378 885 5.

243 910 352 948 xxvi.
376 914 435 948 13.
458 914 514 951 14.
538 913 594 951 Cf.
611 914 734 951 xxxii.
755 917 816 951 21.
841 916 887 960 1.,
912 917 936 934 “
953 914 1130 952 Forsitan
1144 927 1203 963 eqo
1223 911 1449 964 qaoque—3²

244 998 297 1004 —-
311 978 373 1012 21.
396 980 432 1013 4.
454 978 556 1014 Add.
578 979 696 1016 Drak.
716 979 764 1015 ad
783 979 866 1016 Liv.
885 978 1022 1016 xxxiv.
1054 981 1114 1016 16.
1140 983 1186 1025 1.,
1209 979 1450 1030 Oudendorp.

192 1039 240 1075 ad
259 1040 413 1078 Sueton.
434 1041 511 1079 chl.
536 1045 607 1089 13„
630 1043 774 1081 Duker.
796 1044 844 1081 ad
862 1044 963 1081 Flor.
984 1044 1010 1081 i.
1035 1046 1095 1081 12.

244 1127 296 1132 —
316 1109 378 1143 31.
402 1110 436 1144 3.
457 1108 520 1145 Ad
536 1121 616 1145 rem
636 1112 764 1146 autem
782 1108 920 1146 adhibe
938 1108 1050 1146 xxxi.
1071 1111 1131 1146 30.
1151 1111 1188 1145 2.

243 1171 366 1209 xxvii.
386 1175 448 1209 43.
473 1174 507 1211 7.
538 1173 595 1211 Cf.
616 1174 723 1212 xxvi.
745 1177 806 1211 20.
827 1177 876 1219 5.,
902 1177 926 1194 “
940 1174 1074 1211 Nihilo
1092 1173 1217 1211 minor
1233 1173 1335 1211 fama
1352 1175 1454 1224 apud

191 1235 319 1274 hostes
339 1236 525 1286 Scipionis
544 1243 636 1285 erat,
659 1252 774 1288 quam
793 1240 896 1287 apud
913 1238 1054 1276 cives.''
1101 1239 1188 1276 Vid.
1207 1239 1323 1276 etiam
1333 1239 1450 1277 Drak.

192 1302 241 1338 ad
258 1301 310 1339 iv.
331 1305 391 1339 58.
412 1306 448 1339 4.
502 1304 757 1352 Postpositam
777 1308 905 1342 autem
922 1304 1240 1353 praepositionem
1266 1304 1308 1340 in
1326 1304 1452 1342 codice

193 1367 359 1415 quodam
377 1367 509 1406 inveni
529 1370 631 1418 apud
649 1370 875 1407 SaHustium
893 1371 928 1407 J
927 1382 981 1419 ny.
1002 1372 1062 1407 14.
1077 1382 1114 1418 p.
1138 1372 1226 1406 140.
1282 1369 1356 1407 Sed
1369 1370 1451 1419 jam

193 1432 350 1470 omissae
369 1433 412 1470 in
430 1434 548 1471 altero
567 1435 649 1472 loco
670 1435 889 1483 exemplum
902 1438 1029 1472 exstat
1047 1434 1126 1472 viii.
1149 1436 1208 1472 31.
1230 1436 1280 1479 2.,
1304 1438 1329 1456 “
1345 1433 1452 1472 malle

195 1526 232 1534 ..
256 1527 263 1533 .
285 1499 387 1546 apud
413 1499 612 1545 Samnites,
633 1513 741 1549 quam
768 1501 970 1546 Romanos,
1000 1500 1199 1538 victoriam
1227 1513 1306 1538 esse
1315 1500 1354 1546 ;’'
1383 1500 1453 1538 ubi

191 1575 292 1600 unus
311 1563 440 1603 Lovel.
463 1568 496 1601 4.
516 1565 629 1602 iterat
648 1566 978 1614 praepositionem.

244 1653 295 1659 —-
315 1631 377 1666 47.
399 1633 434 1666 9.
455 1630 630 1667 Fortasse
648 1632 743 1668 alter
760 1634 929 1679 proveeta
949 1634 1112 1668 7zoete—.

244 1694 384 1732 xxviii.
413 1698 448 1732 2.
481 1699 516 1732 4.
547 1696 656 1733 Adde
685 1696 790 1733 Curt.
821 1696 924 1745 apud
950 1709 1019 1733 nos
1045 1695 1144 1733 obss.
1172 1708 1209 1744 p.
1240 1697 1314 1741 32.,
1345 1695 1476 1734 Diets

194 1758 360 1803 Cretens,
380 1760 508 1806 i.·10.‚
528 1773 564 1797 v.
591 1764 662 1807 17„
689 1761 901 1811 “reliqui.''

244 1846 295 1852 —
313 1828 374 1862 19.
396 1828 456 1863 13.
477 1826 532 1864 Cf.
554 1827 619 1864 Sil.
640 1827 730 1864 Ital.
751 1827 792 1863 11.
816 1829 916 1872 348,,
950 1829 1099 1863 “annos
1118 1825 1259 1863 anteire
1275 1825 1402 1863 labore
1413 1824 1450 1870 ;'’

192 1892 231 1926 et
249 1890 304 1926 iv.
326 1894 426 1936 426„
451 1896 476 1912 “
491 1905 602 1928 annos
621 1892 886 1929 transscendere
905 1891 1017 1929 factis
1032 1890 1070 1938 ;”
1098 1891 1179 1928 viii.
1202 1893 1304 1936 465.,
1328 1894 1353 1912 “
1367 1893 1466 1928 θεῖν.Υ

191 1960 427 2003 superaverat
445 1956 594 1994 annos.’'

245 2044 298 2048 —
312 2024 373 2057 24.
396 2024 455 2059 15.
475 2023 585 2059 Adde
603 2022 730 2072 ipsum
749 2022 832 2059 Liv.
851 2021 989 2059 xxxiv.
1013 2024 1073 2060 32.
1097 2024 1171 2068 12„
1197 2024 1221 2042 “
1237 2033 1332 2070 quos
1350 2019 1469 2069 falso'

193 2086 367 2134 lugent.''

245 2175 297 2180 —
319 2155 380 2189 41.
402 2155 436 2189 8.
455 2153 564 2190 Adde
583 2153 652 2191 Sil.
671 2154 760 2190 Ital.
779 2153 832 2190 iv.
855 2156 960 2198 490„
995 2156 1020 2173 “
1036 2152 1127 2189 dum
1144 2152 1242 2189 vada
1264 2180 1271 2187 .
1295 2180 1302 2188 .
1323 2179 1333 2189 .
1352 2150 1452 2188 flexo

193 2218 350 2255 circuitu
358 2217 499 2266 petz't.'’
1447 2269 1451 2272 ᾖ

192 2287 216 2306 ·-”
244 2305 285 2310 -
317 2285 378 2319 42.
403 2285 439 2319 9.
458 2283 567 2319 Adde
581 2283 758 2319 Emendd.
779 2282 844 2319 alt.
863 2295 900 2331 p.
922 2283 956 2320 7.
1005 2281 1062 2319 Cf.
1083 2281 1199 2318 etiam
1217 2280 1321 2318 Livii
1338 2279 1449 2326 illud,

192 2360 289 2384 xxx.
313 2350 373 2384 30.
399 2349 471 2392 14„
492 2351 516 2368 “
533 2348 707 2397 Syphace
719 2347 974 2395 potentissimo
992 2345 1118 2395 rege.''
