1490 2588
162 183 211 217 64
577 179 995 217 EMENDATIONES

215 310 272 318 —-
293 286 361 325 23.
387 284 454 324 11.
476 291 499 308 “
514 298 640 339 quem
655 283 836 340 populus
852 284 1069 326 Romanus
1084 284 1199 340 prius
1214 288 1410 340 poenae*,

158 369 285 410 quam
304 354 438 408 regni,
461 354 657 397 heredem
676 355 868 397 futurum
888 355 1078 398 sciebat.’'

208 440 233 464 ⁹⁶
261 440 378 477 Recte
397 441 563 486 eatenus,
586 439 729 489 opinor,
751 438 949 477 Rubenius
968 442 1006 477 et
1022 440 1209 485 Muretus,
1230 439 1332 488 quod
1345 451 1411 488 pro

149 518 287 553 poenae
304 507 494 554 reponunt
506 518 623 553 paene
643 504 746 555 (vido
766 505 813 542 ad
830 504 881 543 iv.
898 508 957 542 32.
974 505 1040 554 2.).
1086 505 1256 547 Quorum
1273 506 1412 542 cetero-

156 571 224 620 qui
243 583 320 608 non
338 584 457 620 aeque
470 571 622 620 placent
635 571 926 617 emendationes,
948 570 1115 608 Rubenii
1128 569 1293 619 quidem,
1311 582 1413 619 quem

157 636 244 674 belli
260 637 301 674 ln
317 637 492 685 populum
510 637 559 674 R.
574 637 687 686 prius
699 650 816 685 paene
834 649 942 687 quam
960 636 1066 686 reqm·
1078 650 1092 677 ;
1121 635 1266 673 Mureti
1285 637 1413 672 autem

156 716 190 753 q.
205 703 340 752 populi
356 703 405 740 R.
426 703 568 740 hostem.
624 703 724 740 Nam
755 715 878 752 neque
907 702 1050 739 bellum
1078 703 1170 739 tunc
1199 700 1410 750 gerebatur,

157 769 264 818 cujus
282 769 390 806 heres
410 781 488 806 esse
507 770 632 817 posset
651 768 820 813 Perseus,
841 770 879 805 et
898 767 1022 804 animo
1042 766 1197 816 quidem
1214 765 1318 802 filius
1331 765 1413 815 jam

156 835 276 872 hostis
317 837 406 872 crat.
461 835 633 872 Fortasse
649 848 657 871 ε
690 846 791 883 quem
814 832 1037 881 perduellem
1062 831 1199 881 populi
1226 831 1275 868 R.
1302 830 1414 880 prius

150 914 267 949 paene
288 913 395 950 quam
417 901 523 949 requi
542 899 700 938 heredem
709 900 885 948 futurum
902 898 1046 936 sciebat.
1103 897 1158 935 Cf.
1176 897 1257 935 xlv.
1281 898 1339 933 16.
1363 898 1384 935 7
1390 924 1412 941 .‚

159 965 395 1014 “perduelles
416 965 581 1016 superati
600 966 758 1003 Perseus
776 968 814 1002 et
833 964 993 1003 Gentius
1010 963 1156 1012 reges.'⁷

218 1095 272 1101 —
294 1072 360 1111 24.
389 1073 451 1110 12.
475 1076 504 1096 ‘⁶
521 1075 570 1111 ut
588 1068 775 1124 Philippi
789 1068 911 1110 unius
930 1067 1113 1123 injuriae,
1135 1066 1169 1109 si
1185 1081 1293 1122 quae
1304 1066 1413 1109 forte

158 1140 344 1190 fuerunt,
369 1144 392 1166 *
425 1143 447 1166 *
481 1143 503 1165 *
535 1139 683 1196 utique
704 1146 800 1195 post
819 1138 1037 1181 1nortem.''

212 1226 238 1250 ⁹⁶
266 1226 291 1250 ἦ
319 1225 344 1249 3⁵
372 1225 469 1263 Puta
487 1223 607 1262 nullas
625 1237 693 1261 esse
713 1226 887 1272 oporteat,
908 1226 952 1260 ut
969 1221 1148 1260 versiculi
1166 1220 1217 1259 sit
1232 1221 1377 1259 lacuna.

217 1317 310 1358 xlii.
333 1319 400 1359 23.
426 1320 489 1358 10.
523 1321 546 1341 “
564 1331 649 1358 non
669 1315 747 1358 sibi
767 1314 900 1371 magis
920 1312 1258 1363 misericordiam,
1288 1326 1414 1368 quam

159 1388 318 1444 regi*-”

212 1474 237 1497 ³
264 1472 408 1522 Explet
428 1471 604 1521 Sigonius
624 1484 731 1521 quam
748 1470 829 1520 φερέ
845 1469 1025 1508 invidiam
1044 1470 1286 1508 concitarunt.
1332 1468 1414 1506 Me-

159 1539 234 1576 lius
253 1538 317 1584 sic,
350 1551 494 1582 censeo,
526 1538 724 1586 suppleas:
757 1550 864 1586 quam
892 1536 1091 1587 [invidiam
1100 1533 1290 1586 fecerunt]
1310 1533 1414 1583 regi,-

160 1608 205 1641 ut
223 1604 381 1641 chiasmi
399 1604 509 1641 modo
526 1603 680 1640 nomina
699 1605 984 1652 componantur.
1040 1602 1194 1639 Lacuna
1221 1599 1412 1646 versiculi,

162 1673 207 1707 ut
226 1669 329 1706 alibi.

217 1789 272 1796 —-
293 1763 360 1802 24.
386 1763 425 1801 3.
449 1766 475 1785 ‘⁶
492 1758 798 1802 clandestinum
818 1773 888 1801 eos
911 1790 921 1800 .
946 1790 956 1800 .
976 1758 1195 1801 consilium
1218 1790 1228 1800 .
1253 1790 1262 1800 .
1284 1757 1418 1800 habu-

160 1832 251 1880 isse,
274 1831 386 1873 unde
408 1835 644 1886 praeterea*
666 1830 828 1886 legatos
849 1861 859 1871 .
884 1861 894 1871 .
917 1859 927 1870 .
950 1829 1103 1871 mitti.''

211 1918 236 1941 ’χ’
263 1917 438 1954 Fortasse
458 1916 679 1965 praeterire.
735 1915 792 1953 Cf.
825 1914 991 1954 xxxviii.
1026 1916 1085 1953 17.
1123 1917 1171 1961 1.,
1206 1914 1330 1952 “Non
1356 1926 1416 1952 me

156 1981 449 2031 praelerz'l,—.’'

220 2101 275 2106 —
297 2077 366 2116 25.
389 2078 426 2115 8.
463 2081 489 2100 ‘⁶
507 2073 724 2116 avaritiam
756 2071 1076 2128 superbiamque
1109 2070 1312 2114 Romanis
1346 2073 1417 2114 ob-

158 2145 400 2200 jicientem*
422 2144 732 2200 fi·equenter*.”

215 2244 240 2268 ÷÷
267 2243 525 2292 Suspicionem
542 2243 719 2292 proposui
737 2242 784 2279 ad
803 2243 959 2282 Sallust.
981 2243 1068 2295 Juy.
1102 2242 1202 2287 111„
1230 2246 1419 2294 receptam

164 2323 244 2347 esse
276 2309 625 2358 interpretationem
652 2322 720 2358 pro
751 2309 1030 2359 frequentativo
1062 2309 1302 2360 objectantem.
1359 2309 1416 2348 Cf.

166 2375 285 2413 Tacit.
306 2375 412 2413 Hest.
433 2375 489 2412 iii.
512 2378 573 2413 31.
594 2378 707 2422 extr„
740 2379 764 2397 “
781 2376 985 2425 superbiam
1005 2405 1013 2414 .
1035 2405 1043 2413 .
1067 2405 1074 2413 .
1096 2374 1352 2425 objectabant.’'
