1490 2588
601 178 895 215 HANNIBAL.
1316 180 1359 213 19

119 287 186 324 20.
210 284 246 325 8.
268 283 366 325 facit
388 281 665 331 Hannibalem
694 297 736 323 se
765 287 1027 323 accusantem
1059 287 1361 322 exsecrantem-

116 383 210 422 que‚
232 368 343 421 quod
359 382 442 408 non
459 374 676 408 cruentum
693 368 742 408 ab
761 367 970 408 Cannensi
991 366 1164 407 victoria
1184 365 1360 406 militem

117 451 291 491 Romam
319 451 519 499 duxisset,
554 466 611 497 ea,
635 450 668 490 si
696 465 792 491 vera
822 457 933 499 sunt,
971 449 1102 490 dolori
1134 450 1360 504 praesentis

114 534 186 581 rei,
208 548 289 574 non
306 533 465 588 judicio
486 532 612 574 animi
633 533 685 573 de
705 533 928 587 praeterita
943 547 1000 581 re,
1026 533 1246 574 tribuenda
1262 539 1360 573 sunt

117 618 249 672 (quod
271 618 380 658 idem
400 618 451 658 de
472 632 520 658 eo
550 617 709 658 dictum
739 624 842 671 puta
874 617 991 670 (cum
1013 616 1156 657 eadem
1190 616 1358 670 quidem

114 701 361 750 conditione,
396 701 430 741 si
462 715 607 741 verum
642 700 738 749 est),
775 700 888 752 quod
921 700 1102 740 traditur
1133 699 1359 739 Hannibali

114 791 210 825 ante
224 784 384 825 moenia
400 784 553 824 Romae
568 783 767 824 excidisse
791 783 926 836 (xxvi.
950 784 1009 823 11.
1033 785 1110 835 4.)‚
1137 789 1165 808 “
1182 783 1359 824 Potiun-

114 867 189 908 dae
217 867 295 908 sibi
314 867 427 908 urbis
450 866 606 906 Romae
639 866 762 906 modo
792 876 971 907 mentem
994 883 1076 907 non
1099 867 1201 916 dari,
1234 867 1357 908 modo

111 951 387 1004 fortunam”).
455 949 536 991 Sed
570 949 668 990 ficta
710 964 798 990 esse
839 949 940 991 haec
983 950 1084 990 mihi
1116 951 1356 1005 persuadeo.

112 1034 349 1088 Numquam
383 1033 570 1088 poenitet
604 1033 843 1088 sapientem.
902 1033 1050 1087 Neque
1071 1033 1105 1074 is
1127 1041 1214 1074 erat
1242 1033 1356 1074 Han-

110 1118 236 1167 nibal,
275 1118 347 1172 qui
380 1125 519 1172 posset
554 1117 660 1158 velle
696 1117 918 1171 praeterita
948 1118 1100 1158 frustra
1130 1118 1355 1172 repetendo

111 1202 383 1243 diffidentiam
401 1202 463 1242 sui
484 1202 595 1256 apud
616 1201 768 1242 milites
790 1200 961 1242 efficere.
1007 1200 1119 1242 Nam
1136 1201 1354 1256 imperium

111 1286 279 1340 quidem
300 1285 425 1333 istud,
448 1285 589 1340 quoin
608 1285 797 1326 Africam
818 1286 1103 1334 revocabatur,
1129 1285 1239 1325 haud
1257 1300 1353 1326 sanc

110 1369 442 1424 inexspectatum
473 1369 690 1410 acciderat.
752 1368 888 1409 Immo
919 1369 997 1410 hoc
1027 1368 1163 1424 ipsum
1195 1369 1353 1423 prospi-

111 1453 221 1494 ciens
244 1453 332 1507 jam
362 1460 524 1507 paratas
556 1467 680 1493 naves
712 1453 901 1493 habebat.
963 1452 1021 1493 Et
1048 1453 1165 1494 lubet
1187 1453 1352 1494 credere

109 1537 281 1578 immoto
311 1537 448 1577 animo
483 1537 686 1590 vultuque
714 1544 756 1577 et
780 1537 1072 1578 conscientiam
1100 1537 1351 1592 praeclaram

109 1621 341 1677 ingentium
362 1635 499 1662 rerum
520 1622 570 1661 ab
594 1635 636 1661 se
653 1628 865 1676 gestarum
887 1627 1122 1675 portantem
1143 1636 1351 1662 summum

110 1705 245 1746 virum
258 1720 407 1746 navem
422 1705 685 1753 inscendisse,
709 1720 843 1759 neque
859 1705 977 1759 quasi
997 1705 1037 1745 in
1053 1712 1240 1747 extremo
1254 1712 1349 1746 actu

110 1788 307 1830 defecisse
328 1795 371 1829 et
390 1788 666 1830 constantiam
687 1789 812 1829 animi
832 1788 1048 1830 remisisse.

167 1876 237 1916 Ac
257 1876 400 1917 videor
420 1876 517 1917 satis
538 1877 740 1925 docuisse,
770 1891 846 1917 nec
866 1876 1049 1930 potuisse
1071 1875 1348 1917 Hannibalem

108 1963 219 1998 recta
252 1956 318 1997 via
345 1972 397 1997 ex
429 1957 514 1998 acie
547 1957 722 1998 Romam
754 1957 902 1998 ducere
935 1972 1024 2006 nec,
1063 1957 1095 1998 si
1127 1958 1344 2012 potuisset,

108 2040 312 2082 debuisse.

164 2125 240 2165 Ad
263 2124 520 2178 Campanum
542 2123 695 2165 crimen
709 2124 873 2166 accedo.
923 2124 1089 2166 Livium
1113 2124 1345 2173 audiamus,

107 2207 221 2248 xxiii.
249 2212 310 2250 18.
335 2208 484 2248 10.:—

189 2309 212 2326 “
226 2306 275 2342 In
292 2305 449 2342 hiberna
481 2304 648 2353 Capuam
667 2304 859 2341 concessit.
915 2305 978 2341 Ibi
1004 2307 1150 2354 partem
1168 2306 1346 2354 majorem

112 2375 135 2392 “
151 2371 286 2409 hiemis
305 2371 514 2409 exercitum
540 2370 581 2407 in
608 2370 718 2408 tectis
744 2371 889 2416 habuit,
920 2371 1097 2408 adversus
1125 2371 1250 2408 omnia
1275 2372 1344 2408 hu-
