1490 2588
173 146 219 179 i2
654 139 950 176 HANNIBAL.

168 260 268 287 cura
283 251 326 287 et
341 243 530 286 molestia
550 242 727 298 praedae
743 242 1013 292 dividendae;
1034 243 1254 286 accedebat
1277 246 1409 301 (mag-

169 344 269 370 num
291 329 342 369 ad
363 328 440 369 iter
456 326 690 367 faciendum
711 325 1071 380 impedimentum,
1091 341 1241 379 magna
1260 329 1312 370 ad
1325 343 1413 370 rem

169 412 394 468 gerendam
408 410 611 452 detractio
626 409 796 464 virium)
820 409 1008 450 custodia
1028 410 1299 464 captivorum.
1351 411 1414 453 Si-

170 496 257 537 mul
279 510 330 536 ex
359 494 499 548 spoliis
529 501 620 535 tum
649 508 859 535 caesorum
890 499 981 534 tum
1012 500 1227 548 captorum
1258 495 1414 536 subdu-

170 579 290 620 cendi
307 579 502 634 (fortasse
518 592 641 633 aegre
659 577 860 618 militibus
876 577 1127 633 ferentibus)
1143 578 1284 619 annuli
1300 578 1415 620 aurei

170 677 325 711 omnes,
350 661 462 716 quod
483 660 768 702 testimonium
801 661 997 702 victoriae
1029 662 1200 702 domum
1224 662 1276 703 ad
1297 677 1413 704 sena-

171 751 263 787 tum
283 745 533 786 mitteretur.
596 744 792 785 Proxima
811 759 908 785 cura
934 751 1023 785 erat
1043 759 1181 786 caesos
1202 745 1416 800 sepultura

171 829 398 871 afficiendi:
430 843 512 883 quo
535 828 586 869 de
607 843 776 869 munere
804 828 1067 882 imperatorio
1088 828 1289 870 humandi
1320 844 1416 870 suos

174 913 345 955 Curtius
369 929 405 954 v.
428 916 467 953 4.
489 917 528 961 3,
552 919 576 936 “
591 912 664 953 sed
684 926 759 953 rex
780 912 992 953 dimittere
1013 912 1163 954 milites
1184 912 1414 968 insepultos

173 997 456 1045 erubescebat,
488 996 548 1037 ita
568 995 723 1037 tradito
745 1011 872 1045 more,
907 1004 955 1037 ut
976 996 1050 1038 vix
1081 996 1214 1038 ullum
1244 996 1416 1038 militiae

172 1089 258 1123 tam
290 1081 487 1122 sollemne
519 1087 628 1122 esset
666 1096 832 1129 munus,
875 1096 1000 1136 quam
1040 1081 1240 1122 humandi
1279 1081 1415 1124 suos.”

175 1165 433 1220 Utrumque,
465 1171 514 1206 ut
544 1171 586 1206 et
606 1164 733 1206 caesis
765 1170 807 1206 et
834 1165 980 1205 sauciis
1010 1164 1308 1215 consuleretur,
1341 1166 1418 1207 hu-

174 1249 365 1290 manitati
387 1249 525 1303 (cujus
555 1248 725 1289 minime
746 1255 834 1289 erat
856 1248 1068 1290 Hannibal
1098 1249 1261 1304 expers)
1296 1250 1419 1292 debe-

174 1335 326 1383 batur;
362 1340 590 1387 utrumque
619 1333 663 1373 in
692 1333 914 1388 prudentia
942 1333 1207 1388 imperatoria
1236 1333 1418 1388 positum

175 1424 276 1466 erat,
300 1423 361 1466 ut,
383 1417 456 1472 qui
472 1417 714 1472 superstites
735 1423 777 1458 et
792 1417 945 1473 integri
967 1423 1097 1466 erant,
1119 1416 1416 1473 intelligerent,

175 1500 275 1556 ipsis
297 1501 330 1542 si
350 1500 451 1554 quid
473 1500 702 1549 accidisset,
728 1514 879 1549 curam,
909 1515 1014 1555 quae
1035 1501 1163 1556 digna
1183 1508 1303 1551 esset,
1335 1516 1420 1543 non

175 1584 431 1633 defuturam3
458 1591 682 1639 utrumque
698 1584 749 1625 ad
766 1598 881 1639 spem
898 1584 1187 1639 supplementa
1208 1600 1259 1626 ex
1273 1585 1420 1628 Italiae

176 1669 373 1725 gentibus
391 1668 599 1710 alliciendi
624 1683 875 1723 magnopere
907 1668 1152 1723 pertinebat.
1212 1669 1272 1711 Et
1292 1672 1420 1726 probe

177 1750 348 1790 tenebat
369 1748 517 1789 Livius
547 1747 590 1787 in
626 1747 750 1787 simili
771 1761 894 1788 causa
923 1746 1172 1788 Marcellum
1204 1762 1413 1798 excusare,

178 1832 314 1874 xxvii.
340 1834 403 1872 14.
428 1832 477 1872 15
497 1838 597 1871 :—“
613 1831 865 1886 Cupientem
886 1831 1047 1885 insequi
1068 1830 1314 1873 Marcellum
1325 1847 1421 1887 pro-

179 1918 307 1958 hibuit
327 1917 538 1957 multitudo
554 1915 817 1957 sauciorum.’'
859 1915 976 1971 Ergo
992 1915 1131 1971 potuit
1146 1915 1280 1958 multo
1295 1916 1420 1958 etiam

178 2002 311 2057 magis
324 2000 616 2049 Hannibalem,
635 2015 688 2041 ne
704 2007 870 2041 tantum
886 1999 1043 2041 itineris
1060 1999 1288 2041 exercitum
1303 2015 1419 2055 rape-

180 2093 257 2134 ret,
273 2085 501 2126 multitudo
522 2084 755 2126 sauciorum
778 2083 1008 2139 prohibere.
1045 2083 1172 2133 Nam,
1188 2083 1223 2125 si
1237 2083 1288 2125 ad
1301 2084 1422 2125 oct-0⁶⁵

225 2224 243 2239 ⁴¹*
268 2224 326 2253 Tot
349 2223 443 2253 tradit
470 2223 576 2252 Livius
599 2223 729 2261 quidem,
759 2221 906 2261 Polybius
931 2231 1001 2251 vero
1026 2221 1072 2262 (id
1095 2225 1139 2251 est
1165 2221 1321 2251 Hannibal
1343 2220 1422 2261 ipse)

184 2282 289 2317 5500.
335 2280 416 2318 Ergo
439 2280 563 2308 fortasse
586 2280 711 2308 debebat
735 2288 876 2308 numerus
898 2278 954 2308 iste
977 2288 994 2308 a
1010 2278 1096 2308 Livio
1118 2278 1248 2307 traditus
1269 2279 1361 2308 etiam
1383 2287 1424 2308 ex

183 2337 358 2367 vulneribus
374 2339 559 2365 mortuorum
576 2336 685 2366 habere
701 2335 856 2365 rationem.
