1490 2588
170 177 216 209 26
649 171 940 208 HANNIBAL.

165 277 341 319 Romani
363 274 573 318 occasione
594 274 694 315 usi?
726 289 799 316 cur
818 274 861 315 in
882 289 965 315 non
995 276 1220 331 pugnando
1248 278 1400 333 potius,

160 377 284 417 quam
305 361 347 401 in
368 357 605 415 pugnando,
628 373 742 413 spem
763 373 810 400 ac
841 359 1017 399 salutem
1047 360 1257 414 ponebant
1277 362 1297 402 ἓ)
1329 377 1403 404 cur

158 452 374 499 tantopere
413 457 563 483 nomen
604 441 852 483 Hannibalis
894 442 1216 492 exhorruerunt,
1271 459 1399 498 quum

154 531 262 571 vires
283 527 464 569 abissent
479 526 500 567 P
561 526 636 567 An
657 526 940 580 exploratores
962 526 1099 567 nullos
1121 526 1399 569 emittebant?

155 612 350 654 Profecto
370 610 412 651 in
442 610 550 651 bello
580 610 763 665 gerendo
785 609 940 651 tirones
969 610 1097 651 fuisse
1125 625 1289 652 necesse
1320 620 1396 653 est.

155 696 238 739 Cui
258 694 427 750 quidem
448 693 609 736 crimini
629 693 729 734 dum
746 694 910 734 obviam
924 709 986 743 eo,
1003 694 1122 736 facile
1140 695 1285 745 sentio,
1310 711 1394 737 non

150 781 287 822 minus
323 780 374 820 (16
408 778 507 834 ipsis
541 793 608 819 me
641 777 855 826 Romanis,
895 793 1019 832 quam
1053 779 1104 819 de
1140 778 1391 830 Hannibale,

149 867 254 907 bene
283 863 443 905 mereri.
504 862 683 917 Quippe,
717 868 922 916 quantum
943 862 994 903 de
1014 862 1124 903 fama
1145 862 1393 905 Hannibalis

150 947 394 993 detrahitur,
422 951 587 987 tantum
614 945 665 986 de
687 945 843 987 virtute
875 946 1157 987 Romanorum
1192 947 1391 990 decedere

145 1046 311 1074 necesse
338 1037 415 1071 est.
476 1028 627 1082 Itaque
658 1028 858 1083 singulari
890 1029 1127 1071 conditione
1158 1036 1201 1071 et
1221 1030 1389 1072 fortuna

143 1124 252 1165 utor,
280 1114 380 1155 dum
404 1111 684 1153 Hannibalem
709 1111 900 1163 defendo,
935 1112 1062 1153 etiam
1087 1112 1274 1154 hostibus
1296 1114 1387 1169 ejus

143 1196 398 1242 consulendi.

198 1282 271 1332 Et,
295 1286 500 1336 quantum
520 1278 707 1334 fingendi
726 1277 853 1319 libido
874 1277 917 1319 in
943 1278 1177 1320 Hannibale
1198 1279 1252 1320 sit
1271 1294 1382 1335 gras-

140 1374 242 1417 sata,
261 1364 452 1420 exemplo
472 1363 595 1405 disce.
646 1361 759 1403 Nam
781 1361 909 1403 tradit
930 1362 1075 1403 Livius
1096 1363 1210 1403 xxiii.
1234 1365 1273 1405 5.
1301 1367 1380 1413 12.,

137 1468 206 1494 ore
224 1458 266 1494 et
280 1451 377 1493 ficta
393 1448 576 1491 oratione
593 1447 642 1490 C.
663 1446 1057 1488 TerentiiVarronis
1071 1462 1184 1496 usus,
1205 1447 1380 1489 militem

136 1542 284 1576 natura
305 1540 347 1575 et
367 1532 549 1573 moribus
569 1530 771 1572 immitem
803 1529 1021 1584 ferumque
1042 1531 1210 1585 insuper
1230 1531 1378 1572 ducem

138 1618 384 1667 efferavisse‚
404 1616 515 1659 vesci
528 1614 717 1656 humanis
731 1613 970 1668 corporibus
984 1614 1189 1655 docendo!
1213 1614 1378 1668 Quaere

134 1703 294 1743 fontem
314 1707 440 1755 atque
475 1698 677 1754 originem
711 1697 938 1738 calumniae
970 1697 1107 1751 hujus,
1138 1703 1180 1738 et
1199 1698 1376 1752 reperies

135 1785 246 1840 apud
256 1783 494 1839 Polybium,
511 1780 712 1836 cogitanti
726 1780 766 1820 in
780 1780 982 1835 Hispania
997 1780 1225 1821 Hannibali
1238 1781 1376 1836 copias

131 1869 174 1909 in
196 1868 359 1909 Italiam
391 1866 590 1920 trajicere,
623 1871 666 1906 et
693 1865 744 1906 de
774 1864 1072 1906 commeatibus
1104 1864 1154 1905 ad
1177 1863 1374 1905 alendum

132 1952 305 1993 militem
322 1951 365 1992 in
384 1950 532 1991 itinere
547 1947 803 1996 deliberanti,
821 1948 1044 2002 quemdam
1061 1963 1112 1989 ex
1128 1948 1268 1990 amicis
1285 1948 1374 2001 (cui

132 2042 174 2075 et
194 2034 274 2089 ipsi
296 2033 521 2075 Hannibali
541 2048 692 2074 nomen
713 2039 815 2081 erat,
846 2031 1125 2073 Monomacho
1145 2038 1284 2073 autem
1305 2046 1373 2073 co-

130 2122 328 2173 gnomen)
351 2118 528 2159 immane
550 2117 767 2159 consilium
799 2115 974 2165 dedisse,
1004 2115 1239 2157 hominibus
1260 2114 1370 2156 vesci

129 2200 517 2243 eondocefaciendas
539 2199 675 2255 copias
696 2214 799 2241 esse.
861 2197 929 2239 Ita
952 2198 1132 2239 alienum
1152 2196 1369 2238 consilium

127 2285 178 2325 ab
199 2285 287 2339 ipso
309 2283 573 2339 repudiatum
589 2283 633 2324 in
653 2298 741 2325 rem
756 2283 909 2325 factam
931 2281 1174 2323 Hannibalis
1197 2295 1368 2323 consue-

124 2367 396 2423 tudinemque
417 2382 661 2410 conversum
682 2374 755 2409 est.
802 2367 859 2408 Et
875 2381 1005 2421 aeque
1018 2366 1102 2408 fere
1120 2380 1263 2408 verum
1277 2379 1365 2407 esse
