1490 2588
590 143 884 181 HANNIBAL.
1305 146 1351 182 37

112 250 235 305 gione
267 249 453 290 imbutus
484 247 686 303 peccavit,
721 248 847 302 quod,
878 261 1007 302 quum
1028 246 1252 302 aliquando
1273 246 1357 289 Ro-

112 347 223 375 mam
256 333 411 375 adisset
443 339 497 384 et,
533 332 577 373 id
607 332 721 386 quod
750 347 881 373 unum
911 331 1091 373 maxime
1121 331 1358 387 exoptabile

112 424 213 467 erat,
262 422 476 472 promptos
514 416 567 457 ad
606 415 913 457 decernendum
961 415 1048 457 acie
1091 415 1359 471 imperatores

110 501 324 543 Romanos
349 501 532 550 haberet,
566 515 698 554 quum
724 499 787 542 bis
814 499 937 541 foeda
966 505 1192 555 tempestas
1219 507 1361 542 coorta

109 585 333 626 instructas
346 583 452 626 acies
469 585 556 625 sine
571 583 728 638 proelio
741 583 987 632 diremisset,
1003 583 1168 625 destitit
1179 583 1359 640 incepto,

111 668 230 723 quasi
269 667 423 709 aversis
461 666 540 708 diis
578 681 666 708 rem
706 652 1017 721 adgrederetur.
1087 666 1152 707 Ea
1189 667 1358 709 demum

110 752 258 794 iterata
270 754 536 806 tempestas*
550 764 634 790 non
650 764 764 790 mora
779 749 859 790 ista
875 748 1118 800 Cannensis,
1141 749 1266 791 saluti
1280 750 1361 792 fuit

110 836 203 877 urbi
223 841 349 889 atque
369 833 553 888 imperio.
590 831 687 882 Sed,
708 848 839 887 quum
856 832 983 874 semel
995 832 1195 887 religione
1208 834 1361 876 milites

110 918 268 959 animos
289 916 564 965 demisissent,
597 931 733 970 neque
763 915 880 970 eopia
909 922 1165 957 commeatus
1195 923 1362 972 tempus

111 1003 228 1044 daret
248 1001 409 1043 levibus
430 1000 595 1056 proeliis
615 1000 773 1041 animos
788 1000 987 1056 erigendi,
1006 1000 1254 1055 prudentiae
1274 1010 1363 1044 erat

111 1085 398 1142 imperatoriae
425 1084 536 1126 nolle
557 1099 762 1125 summam
786 1099 924 1126 rerum
944 1084 989 1125 in
1009 1084 1230 1127 discrimen
1251 1100 1362 1128 com-

111 1170 292 1212 mittere.
337 1169 369 1210 J
372 1184 437 1210 am
448 1169 743 1223 jusjurandum
759 1183 890 1209 unum
906 1168 1116 1223 quoddam
1133 1176 1259 1221 certe,
1279 1186 1362 1225 quo

114 1253 313 1308 puerulus
344 1267 495 1294 novem
528 1266 731 1292 annorum
763 1257 826 1292 est
855 1251 1094 1301 adstrictus,
1129 1267 1292 1309 semper
1318 1269 1362 1296 se

115 1338 276 1378 hostem
296 1336 383 1377 fore
404 1335 558 1390 populo
591 1335 796 1385 Romano,
831 1349 953 1377 nemo
978 1335 1132 1377 dixerit
1151 1350 1236 1378 non
1263 1337 1362 1379 satis

115 1427 257 1462 sancte
272 1420 392 1460 illum
406 1419 682 1474 religioseque
697 1434 828 1473 usque
841 1419 894 1460 ad
909 1425 1147 1460 extremum
1167 1420 1361 1475 spiritum

114 1519 389 1547 conservasse.
448 1503 508 1544 Et,
528 1509 731 1557 quantum
761 1503 805 1543 in
818 1503 1092 1557 jurejurando
1113 1503 1362 1547 Hannibalis

115 1589 267 1630 milites
287 1588 415 1643 ipsius
435 1593 697 1642 reponerent,
720 1587 836 1628 vides
856 1587 967 1641 apud
989 1586 1159 1628 Livium
1180 1588 1266 1630 xxi.
1289 1590 1359 1630 45.

115 1678 156 1717 9.
216 1672 345 1713 Adde
370 1672 483 1727 quod
513 1671 736 1712 verisimile
757 1676 831 1720 est,
856 1670 890 1711 si
910 1670 944 1711 is
964 1670 1111 1712 fuisset
1133 1671 1359 1722 Hannibal,

116 1772 240 1812 quem
255 1756 369 1797 nulla
377 1755 650 1810 jurisjurandi
667 1755 728 1797 vis
745 1761 886 1810 posset
901 1761 1057 1805 tenere,
1080 1770 1163 1796 non
1178 1757 1359 1798 multum

114 1841 233 1882 illum
263 1841 352 1881 aliis
375 1840 614 1894 jurantibus
644 1840 770 1881 fuisse
800 1839 1008 1880 daturum.
1069 1840 1136 1880 At
1157 1855 1360 1896 cognosce

116 1925 421 1980 simplieitatem
439 1924 698 1965 Hannibalis.
748 1923 870 1972 Nam,
893 1937 1024 1977 quum
1044 1923 1096 1964 de
1109 1924 1360 1969 redimendis

115 2007 290 2063 captivis
312 2007 600 2050 Cannensibus
625 2022 676 2049 ex
696 2006 795 2061 ipsis
816 2006 959 2047 decem
986 2005 1168 2048 delectos
1199 2007 1360 2065 legatos

118 2092 296 2134 Romam
317 2092 515 2141 mitteret,
538 2106 621 2133 non
641 2091 755 2132 aliud
775 2090 928 2146 pignus
948 2089 1059 2141 fidei,
1082 2105 1207 2145 quam
1229 2100 1276 2135 ut
1289 2095 1360 2149 ju-

116 2182 255 2218 rarent
275 2191 317 2217 se
337 2175 555 2224 redituros,
588 2174 740 2230 exegit.
801 2174 973 2215 Nullius
994 2173 1080 2228 ipse
1101 2175 1231 2216 malae
1261 2177 1358 2220 fidei

117 2260 195 2301 sibi
225 2275 355 2315 quum
385 2257 571 2301 conscius
601 2264 721 2307 esset,
744 2271 828 2299 non
859 2263 959 2307 erat,
991 2257 1096 2298 illud
1117 2271 1190 2298 eur
1217 2273 1356 2301 occur-

224 2359 241 2376 *
270 2360 397 2389 Pulchre
413 2361 621 2396 tempestatem
639 2358 727 2386 istam
743 2360 873 2386 exornat
885 2355 978 2386 Silius
994 2356 1049 2385 xii.
1069 2357 1150 2392 603.‚
1168 2365 1249 2395 seqq.

726 2425 751 2452 D
