1490 2588
535 154 810 193 LIVIANAE.
1252 156 1297 191 21

97 258 186 302 viii.
213 263 246 301 l.
269 261 307 300 4.
340 258 572 310 “Romani‚
606 259 712 301 nihil
747 273 796 302 eo
831 257 1057 301 certamine
1091 264 1179 300 tam
1216 272 1304 298 am-

41 330 170 386 biguo
190 330 327 378 fessi*,
347 331 390 371 in
411 336 624 386 posterum
645 330 756 372 diem
777 329 981 385 proelium
997 335 1161 385 parant.
1193 327 1303 370 Vol-

42 401 122 443 scis
151 433 160 441 .
183 434 190 442 .
215 433 223 441 .
253 401 580 456 haudquaquam
609 400 722 441 idem
752 400 914 442 animus
938 433 946 440 .
970 433 978 441 .
1003 433 1010 441 .
1041 399 1148 441 fuit:
1179 406 1303 441 nocte

40 486 117 527 pro
137 471 261 514 victis
283 471 469 513 Antium
489 471 655 527 agmine
676 471 840 526 trepido
865 502 874 512 .
900 502 910 512 .
935 502 944 512 .
967 471 1198 513 abierunt.''

93 571 117 595 '³²
136 571 260 608 Immo
279 569 378 607 msshz'l
396 598 404 606 .
429 598 436 606 .
460 598 468 606 .
491 569 603 618 fassi,
633 568 785 617 opin0r3
818 568 930 605 sicuti
950 568 1065 605 etiam
1082 567 1124 605 in
1142 568 1301 614 Volscis,

40 648 117 672 non
138 635 385 684 fatigationis,
416 634 482 671 sed
508 634 642 683 utique
670 634 788 671 animi
815 633 1033 671 instituitur
1060 633 1302 683 comparatio.

41 701 141 739 Nam
159 701 206 738 cf.
227 700 420 750 participii
439 700 592 749 quidem
610 700 784 749 exempla
802 699 910 738 xxiv.
941 703 975 736 5.
1009 702 1084 746 10.,
1115 712 1210 737 xxx.
1241 702 1302 737 35.

47 769 120 809 11.‚
149 766 302 803 xxxvii.
325 769 387 803 55.
412 768 445 804 1.
500 765 563 802 Ad
581 778 661 803 rem
680 768 807 803 autem
825 764 971 803 faciunt
989 764 1220 802 illaz—xxi.
1241 767 1304 803 40.

43 836 92 878 2.,
117 835 140 852 “
153 831 403 880 confessionem
420 830 587 868 cedentis
606 844 647 868 ac
667 830 911 868 detrectantis
930 833 1120 868 certamen
1137 843 1206 880 pro
1224 829 1304 868 vic-

42 897 138 935 toria
155 896 274 936 habui
287 898 326 944 ;’'
353 896 488 935 xxxvi.
511 899 572 935 45.
593 899 641 942 6.‚
675 901 699 918 “
712 896 962 946 confessionem
980 896 1092 934 victis
1111 909 1305 946 expresse·
1352 883 1355 886 Α

42 963 173 1001 runt.''
220 963 359 1002 Contra
375 963 504 1000 hostes
521 965 631 1000 nocte
650 962 800 1012 agmine
819 961 966 1011 trepido
986 975 1106 1011 quum
1124 962 1307 1001 abiissent

42 1029 164 1067 victos
192 1042 231 1067 se
260 1030 350 1067 sunt
378 1028 480 1066 fassi.
551 1028 607 1066 Of.
638 1042 677 1065 x.
705 1031 764 1066 12.
793 1032 894 1074 5-6.,
939 1028 1063 1065 “Lux
1101 1027 1306 1077 insequens

42 1095 225 1132 victorem
251 1095 473 1143 victumque
500 1094 687 1132 ostendit:
718 1107 808 1132 nam
835 1094 989 1132 Etrusci
1010 1093 1160 1131 silentio
1184 1094 1306 1132 noctis

43 1163 165 1198 castra
181 1160 462 1210 reliquerunt.”
507 1160 559 1197 Et
572 1173 620 1198 ne
634 1173 768 1197 verum
783 1160 937 1210 quidem
952 1162 1020 1207 est,
1041 1159 1184 1209 opinor,
1206 1159 1305 1196 nihil

45 1227 234 1264 Romanos
253 1225 457 1264 certamine
475 1225 591 1263 fessos
612 1225 740 1264 fuisse.
794 1227 895 1264 Nam
914 1229 1023 1263 atrox
1040 1225 1226 1275 proelium
1245 1225 1304 1262 fu-

46 1294 127 1330 erat
153 1304 291 1340 magna
318 1304 404 1329 cum
432 1292 543 1329 caede
570 1294 830 1342 utrorumque.
886 1292 1074 1337 Ceterum,
1106 1291 1148 1328 in
1178 1293 1306 1329 nostra

44 1357 206 1395 lectione
227 1370 323 1406 quae
343 1357 392 1395 sit
409 1357 540 1395 futura
558 1358 716 1395 ablativi
733 1358 842 1403 ratio,
873 1357 1005 1407 quaeri
1032 1359 1168 1407 potest.
1223 1357 1261 1394 N
1263 1370 1305 1394 ec

46 1423 144 1461 male
170 1423 325 1461 fortasse
352 1423 443 1461 Lov.
473 1427 508 1460 5.
539 1437 581 1461 ew
608 1437 674 1474 pro
702 1436 764 1461 eo:
792 1436 881 1461 nam
908 1423 1023 1462 etiam
1042 1423 1210 1460 abundat
1228 1423 1306 1460 fere

46 1501 260 1538 pronomen.

103 1606 158 1611 —
179 1585 221 1622 5.
248 1583 309 1621 10.
342 1580 488 1623 “Non
519 1580 637 1623 venit
671 1581 714 1622 in
754 1587 940 1623 mentem
981 1583 1151 1637 pugna*
1194 1579 1308 1635 apud

48 1650 266 1707 Regillum
286 1651 423 1693 lacum
437 1652 486 1694 ?’'

99 1751 124 1774 ff·
142 1749 332 1787 Notabilis
350 1749 516 1787 maxime
534 1749 647 1787 Iectio
667 1750 772 1786 codd.
795 1750 967 1795 duorum,
998 1748 1132 1798 optimi
1150 1749 1249 1786 Flor.
1270 1752 1308 1786 et

48 1815 159 1852 Harl.
181 1818 231 1861 2.,
255 1828 432 1865 puynam,
455 1815 564 1864 quasi
583 1815 784 1853 deficiente
802 1815 996 1852 infinitivo
1015 1815 1226 1852 meminisse.

106 1919 163 1960 ix.
193 1923 226 1960 l.
247 1921 286 1961 6.
319 1926 344 1946 ‘⁶
361 1920 578 1963 auctores*
599 1920 700 1962 belli
723 1953 731 1961 .
756 1951 766 1962 .
789 1954 798 1962 .
820 1920 1096 1962 dedidimus.'’

102 2018 127 2042 θ(-
146 2015 270 2054 Unius
287 2016 443 2054 Brutuli
461 2017 572 2066 Papii
591 2031 724 2067 corpus
742 2020 799 2056 est
818 2018 988 2055 deditum
1009 2017 1106 2068 (viij.
1128 2021 1188 2054 39.
1214 2018 1305 2066 14).

51 2082 253 2121 Rhetorica
271 2085 398 2120 autem
417 2085 473 2120 est
492 2083 719 2132 significatio
732 2083 806 2121 ista
818 2084 997 2132 pluralis:
1029 2084 1132 2121 vidd.
1153 2085 1306 2134 Zumpt.

52 2150 99 2187 ad
126 2148 202 2187 Cic.
234 2149 335 2186 Verr.
366 2161 403 2198 p.
434 2151 537 2195 261„
566 2162 634 2186 nos
661 2149 707 2186 ad
736 2150 776 2186 de
803 2149 894 2186 Fc‘n.
924 2163 961 2199 p.
983 2151 1086 2197 258„
1117 2151 1231 2188 Orell.
1261 2151 1309 2188 ad

50 2215 145 2252 Hor.
170 2213 251 2252 Sat.
270 2214 295 2252 i.
317 2215 350 2253 7.
373 2217 434 2251 34.
453 2229 461 2261 ;
493 2215 586 2252 adde
605 2215 704 2253 Plin.
725 2215 868 2263 Epigtt.
888 2229 927 2253 x.
955 2219 1016 2253 50.
1046 2219 1096 2260 4.,
1130 2221 1153 2237 “
1169 2217 1306 2266 reqes.²²

50 2280 102 2318 Et
128 2282 256 2318 manet
282 2279 323 2317 in
350 2293 390 2318 re
416 2281 590 2329 augenda
616 2280 750 2318 Livius
776 2280 890 2318 etiam
909 2280 929 2332 ἓ
950 2285 1000 2328 9.,
1034 2286 1148 2319 “non
1167 2282 1309 2320 deditio

53 2345 339 2384 exanimatorum
367 2359 566 2395 corporum,
596 2359 672 2385 non
702 2347 800 2385 bona
836 2347 1032 2397 sequentia
1067 2347 1210 2386 domini
1246 2349 1307 2386 de-
