<?xml version="1.0" encoding="UTF-8"?>
<!DOCTYPE html PUBLIC "-//W3C//DTD XHTML 1.0 Transitional//EN"
    "http://www.w3.org/TR/xhtml1/DTD/xhtml1-transitional.dtd">
<html xmlns="http://www.w3.org/1999/xhtml" xml:lang="en" lang="en">
 <head>
  <title>
</title>
<meta http-equiv="Content-Type" content="text/html;charset=utf-8" />
  <meta name='ocr-system' content='tesseract 3.04.00' />
  <meta name='ocr-capabilities' content='ocr_page ocr_carea ocr_par ocr_line ocrx_word'/>
</head>
<body>
  <div class='ocr_page' id='page_1' title='image "./emendationeslivi00alleuoft_0165.png"; bbox 0 0 1490 2588; ppageno 0'>
   <div class='ocr_carea' id='block_1_1' title="bbox 587 173 1348 210">
    <p class='ocr_par' dir='ltr' id='par_1_1' title="bbox 587 173 1348 210">
     <span class='ocr_line' id='line_1_1' title="bbox 587 173 1348 210; baseline -0.003 0"><span class='ocrx_word' id='word_1_1' title='bbox 587 173 880 210; x_wconf 86' lang='lat' dir='ltr'><strong>HANNIBAL.</strong></span> <span class='ocrx_word' id='word_1_2' title='bbox 1301 175 1348 208; x_wconf 82' lang='lat'>35</span> 
     </span>
    </p>
   </div>
   <div class='ocr_carea' id='block_1_2' title="bbox 91 275 1349 2339">
    <p class='ocr_par' dir='ltr' id='par_1_2' title="bbox 99 275 1349 416">
     <span class='ocr_line' id='line_1_2' title="bbox 101 275 1349 333; baseline -0.002 -14"><span class='ocrx_word' id='word_1_3' title='bbox 101 278 279 320; x_wconf 83' lang='lat' dir='ltr'>dedecus</span> <span class='ocrx_word' id='word_1_4' title='bbox 300 278 419 327; x_wconf 84' lang='lat' dir='ltr'>illud,</span> <span class='ocrx_word' id='word_1_5' title='bbox 453 276 704 333; x_wconf 81' lang='lat' dir='ltr'><strong>praesidium</strong></span> <span class='ocrx_word' id='word_1_6' title='bbox 725 275 900 319; x_wconf 81' lang='lat' dir='ltr'>Casilini</span> <span class='ocrx_word' id='word_1_7' title='bbox 927 281 1072 317; x_wconf 88' lang='lat' dir='ltr'>contra</span> <span class='ocrx_word' id='word_1_8' title='bbox 1090 275 1349 322; x_wconf 87' lang='lat' dir='ltr'>conditiones</span> 
     </span>
     <span class='ocr_line' id='line_1_3' title="bbox 99 360 1087 416; baseline -0.003 -13"><span class='ocrx_word' id='word_1_9' title='bbox 99 363 322 404; x_wconf 84' lang='lat' dir='ltr'>deditionis</span> <span class='ocrx_word' id='word_1_10' title='bbox 344 377 506 404; x_wconf 86' lang='lat' dir='ltr'>caesum</span> <span class='ocrx_word' id='word_1_11' title='bbox 527 368 792 416; x_wconf 87' lang='lat' dir='ltr'>captumque,</span> <span class='ocrx_word' id='word_1_12' title='bbox 816 360 932 401; x_wconf 79' lang='lat' dir='ltr'>xxiv.</span> <span class='ocrx_word' id='word_1_13' title='bbox 962 362 1023 403; x_wconf 85' lang='lat'>19.</span> <span class='ocrx_word' id='word_1_14' title='bbox 1048 363 1087 402; x_wconf 88' lang='lat'>9.</span> 
     </span>
    </p>

    <p class='ocr_par' dir='ltr' id='par_1_3' title="bbox 98 444 1349 586">
     <span class='ocr_line' id='line_1_4' title="bbox 158 444 1349 495; baseline -0.003 -7"><span class='ocrx_word' id='word_1_15' title='bbox 158 453 186 472; x_wconf 86' lang='lat'><strong>“</strong></span> <span class='ocrx_word' id='word_1_16' title='bbox 203 447 319 488; x_wconf 90' lang='lat' dir='ltr'>Nihil</span> <span class='ocrx_word' id='word_1_17' title='bbox 339 446 439 495; x_wconf 87' lang='lat' dir='ltr'>veri,</span> <span class='ocrx_word' id='word_1_18' title='bbox 476 445 580 486; x_wconf 85' lang='lat' dir='ltr'>nihil</span> <span class='ocrx_word' id='word_1_19' title='bbox 612 445 784 486; x_wconf 88' lang='lat' dir='ltr'>sancti.”</span> <span class='ocrx_word' id='word_1_20' title='bbox 847 445 962 485; x_wconf 87' lang='lat' dir='ltr'>Haec</span> <span class='ocrx_word' id='word_1_21' title='bbox 984 445 1025 484; x_wconf 88' lang='lat' dir='ltr'>in</span> <span class='ocrx_word' id='word_1_22' title='bbox 1047 444 1349 486; x_wconf 78' lang='lat' dir='ltr'>declamatione</span> 
     </span>
     <span class='ocr_line' id='line_1_5' title="bbox 98 529 1029 586; baseline -0.002 -16"><span class='ocrx_word' id='word_1_23' title='bbox 98 530 228 572; x_wconf 88' lang='lat' dir='ltr'>hostis</span> <span class='ocrx_word' id='word_1_24' title='bbox 249 538 347 573; x_wconf 87' lang='lat' dir='ltr'>sunt</span> <span class='ocrx_word' id='word_1_25' title='bbox 366 530 513 586; x_wconf 83' lang='lat' dir='ltr'>posita,</span> <span class='ocrx_word' id='word_1_26' title='bbox 537 536 580 571; x_wconf 88' lang='lat' dir='ltr'>et</span> <span class='ocrx_word' id='word_1_27' title='bbox 600 529 900 584; x_wconf 86' lang='lat' dir='ltr'>praetereunda</span> <span class='ocrx_word' id='word_1_28' title='bbox 920 535 1029 569; x_wconf 84' lang='lat' dir='ltr'>sunt.</span> 
     </span>
    </p>

    <p class='ocr_par' dir='ltr' id='par_1_4' title="bbox 91 611 1349 2339">
     <span class='ocr_line' id='line_1_6' title="bbox 157 611 1349 666; baseline -0.003 -11"><span class='ocrx_word' id='word_1_29' title='bbox 157 621 184 638; x_wconf 86' lang='lat'>“</span> <span class='ocrx_word' id='word_1_30' title='bbox 205 614 361 655; x_wconf 88' lang='lat' dir='ltr'>Nullus</span> <span class='ocrx_word' id='word_1_31' title='bbox 384 614 522 654; x_wconf 72' lang='lat' dir='ltr'>Deum</span> <span class='ocrx_word' id='word_1_32' title='bbox 544 619 692 660; x_wconf 81' lang='lat' dir='ltr'>metus,</span> <span class='ocrx_word' id='word_1_33' title='bbox 721 612 884 653; x_wconf 86' lang='lat' dir='ltr'>nullum</span> <span class='ocrx_word' id='word_1_34' title='bbox 899 612 1210 666; x_wconf 79' lang='lat' dir='ltr'>jusjurandum,</span> <span class='ocrx_word' id='word_1_35' title='bbox 1234 611 1349 652; x_wconf 87' lang='lat' dir='ltr'>nulla</span> 
     </span>
     <span class='ocr_line' id='line_1_7' title="bbox 97 693 1349 750; baseline 0 -15"><span class='ocrx_word' id='word_1_36' title='bbox 97 695 285 750; x_wconf 85' lang='lat' dir='ltr'>religio.&#39;&#39;</span> <span class='ocrx_word' id='word_1_37' title='bbox 345 694 573 750; x_wconf 81' lang='lat' dir='ltr'>Religionis</span> <span class='ocrx_word' id='word_1_38' title='bbox 609 694 778 748; x_wconf 85' lang='lat' dir='ltr'>quidem</span> <span class='ocrx_word' id='word_1_39' title='bbox 814 695 865 734; x_wconf 92' lang='lat' dir='ltr'>ab</span> <span class='ocrx_word' id='word_1_40' title='bbox 902 693 1138 734; x_wconf 82' lang='lat' dir='ltr'>Hannibale</span> <span class='ocrx_word' id='word_1_41' title='bbox 1173 693 1349 735; x_wconf 84' lang='lat' dir='ltr'>violatae</span> 
     </span>
     <span class='ocr_line' id='line_1_8' title="bbox 98 777 1348 834; baseline -0.002 -14"><span class='ocrx_word' id='word_1_42' title='bbox 98 779 194 830; x_wconf 89' lang='lat' dir='ltr'>duo,</span> <span class='ocrx_word' id='word_1_43' title='bbox 216 786 266 820; x_wconf 86' lang='lat' dir='ltr'>ut</span> <span class='ocrx_word' id='word_1_44' title='bbox 286 779 441 834; x_wconf 87' lang='lat' dir='ltr'>opinor,</span> <span class='ocrx_word' id='word_1_45' title='bbox 464 777 655 832; x_wconf 76' lang='lat' dir='ltr'>exempla</span> <span class='ocrx_word' id='word_1_46' title='bbox 667 777 795 818; x_wconf 82' lang='lat' dir='ltr'>tradit</span> <span class='ocrx_word' id='word_1_47' title='bbox 813 777 973 826; x_wconf 82' lang='lat' dir='ltr'>Livius,</span> <span class='ocrx_word' id='word_1_48' title='bbox 998 793 1130 817; x_wconf 89' lang='lat' dir='ltr'>unum</span> <span class='ocrx_word' id='word_1_49' title='bbox 1145 777 1262 818; x_wconf 74' lang='lat' dir='ltr'>xxvi.</span> <span class='ocrx_word' id='word_1_50' title='bbox 1285 782 1348 818; x_wconf 93' lang='lat' dir='ltr'>ll.</span> 
     </span>
     <span class='ocr_line' id='line_1_9' title="bbox 99 860 1349 918; baseline -0.004 -11"><span class='ocrx_word' id='word_1_51' title='bbox 99 867 151 912; x_wconf 89' lang='grc'>9.,</span> <span class='ocrx_word' id='word_1_52' title='bbox 173 863 377 918; x_wconf 84' lang='lat' dir='ltr'>templum</span> <span class='ocrx_word' id='word_1_53' title='bbox 400 862 602 903; x_wconf 83' lang='lat' dir='ltr'>Feroniae</span> <span class='ocrx_word' id='word_1_54' title='bbox 627 861 727 903; x_wconf 87' lang='lat' dir='ltr'>deae</span> <span class='ocrx_word' id='word_1_55' title='bbox 749 861 983 916; x_wconf 88' lang='lat' dir='ltr'>spoliatum.</span> <span class='ocrx_word' id='word_1_56' title='bbox 1035 860 1168 913; x_wconf 79' lang='lat' dir='ltr'>Quasi</span> <span class='ocrx_word' id='word_1_57' title='bbox 1189 876 1235 902; x_wconf 89' lang='lat' dir='ltr'>ea</span> <span class='ocrx_word' id='word_1_58' title='bbox 1256 861 1349 916; x_wconf 86' lang='lat' dir='ltr'>lege</span> 
     </span>
     <span class='ocr_line' id='line_1_10' title="bbox 95 943 1346 1002; baseline -0.004 -14"><span class='ocrx_word' id='word_1_59' title='bbox 95 947 319 1002; x_wconf 88' lang='lat' dir='ltr'>imperator</span> <span class='ocrx_word' id='word_1_60' title='bbox 340 945 524 987; x_wconf 84' lang='lat' dir='ltr'>Punicus</span> <span class='ocrx_word' id='word_1_61' title='bbox 559 944 716 986; x_wconf 89' lang='lat' dir='ltr'>bellum</span> <span class='ocrx_word' id='word_1_62' title='bbox 748 944 956 999; x_wconf 79' lang='lat' dir='ltr'>gessisset,</span> <span class='ocrx_word' id='word_1_63' title='bbox 990 951 1039 984; x_wconf 90' lang='lat' dir='ltr'>ut</span> <span class='ocrx_word' id='word_1_64' title='bbox 1069 944 1239 984; x_wconf 78' lang='lat' dir='ltr'>deberet</span> <span class='ocrx_word' id='word_1_65' title='bbox 1267 943 1346 984; x_wconf 86' lang='lat' dir='ltr'>Ro-</span> 
     </span>
     <span class='ocr_line' id='line_1_11' title="bbox 93 1027 1344 1085; baseline -0.002 -14"><span class='ocrx_word' id='word_1_66' title='bbox 93 1045 235 1071; x_wconf 84' lang='lat' dir='ltr'>manas</span> <span class='ocrx_word' id='word_1_67' title='bbox 274 1029 494 1085; x_wconf 81' lang='lat' dir='ltr'>religiones</span> <span class='ocrx_word' id='word_1_68' title='bbox 534 1043 676 1069; x_wconf 87' lang='lat' dir='ltr'>omnes</span> <span class='ocrx_word' id='word_1_69' title='bbox 721 1027 798 1069; x_wconf 83' lang='lat' dir='ltr'>sibi</span> <span class='ocrx_word' id='word_1_70' title='bbox 848 1027 1128 1082; x_wconf 86' lang='lat' dir='ltr'>suscipiendas</span> <span class='ocrx_word' id='word_1_71' title='bbox 1174 1029 1344 1082; x_wconf 71' lang='lat' dir='ltr'>putare!</span> 
     </span>
     <span class='ocr_line' id='line_1_12' title="bbox 96 1110 1347 1170; baseline -0.003 -15"><span class='ocrx_word' id='word_1_72' title='bbox 96 1114 248 1170; x_wconf 88' lang='lat' dir='ltr'>Neque</span> <span class='ocrx_word' id='word_1_73' title='bbox 278 1129 351 1168; x_wconf 83' lang='lat' dir='ltr'>par</span> <span class='ocrx_word' id='word_1_74' title='bbox 377 1113 595 1167; x_wconf 84' lang='lat' dir='ltr'>majusque</span> <span class='ocrx_word' id='word_1_75' title='bbox 616 1113 742 1153; x_wconf 86' lang='lat' dir='ltr'>etiam</span> <span class='ocrx_word' id='word_1_76' title='bbox 775 1111 1037 1166; x_wconf 84' lang='lat' dir='ltr'>sacrilegium</span> <span class='ocrx_word' id='word_1_77' title='bbox 1066 1112 1117 1152; x_wconf 89' lang='lat' dir='ltr'>ab</span> <span class='ocrx_word' id='word_1_78' title='bbox 1147 1110 1347 1152; x_wconf 83' lang='lat' dir='ltr'>Romanis</span> 
     </span>
     <span class='ocr_line' id='line_1_13' title="bbox 94 1195 1347 1252; baseline -0.002 -12"><span class='ocrx_word' id='word_1_79' title='bbox 94 1200 224 1248; x_wconf 86' lang='lat' dir='ltr'>abest,</span> <span class='ocrx_word' id='word_1_80' title='bbox 248 1197 415 1252; x_wconf 86' lang='lat' dir='ltr'>templis</span> <span class='ocrx_word' id='word_1_81' title='bbox 436 1204 527 1238; x_wconf 82' lang='lat' dir='ltr'>tum</span> <span class='ocrx_word' id='word_1_82' title='bbox 548 1197 637 1238; x_wconf 85' lang='lat' dir='ltr'>aliis</span> <span class='ocrx_word' id='word_1_83' title='bbox 660 1196 927 1238; x_wconf 79' lang='lat' dir='ltr'>Locrensium</span> <span class='ocrx_word' id='word_1_84' title='bbox 950 1195 1112 1236; x_wconf 83' lang='lat' dir='ltr'>violatis</span> <span class='ocrx_word' id='word_1_85' title='bbox 1134 1202 1225 1236; x_wconf 86' lang='lat' dir='ltr'>tum</span> <span class='ocrx_word' id='word_1_86' title='bbox 1247 1195 1347 1237; x_wconf 89' lang='lat' dir='ltr'>Pro-</span> 
     </span>
     <span class='ocr_line' id='line_1_14' title="bbox 96 1277 1347 1337; baseline -0.002 -15"><span class='ocrx_word' id='word_1_87' title='bbox 96 1281 281 1337; x_wconf 88' lang='lat' dir='ltr'>serpinae</span> <span class='ocrx_word' id='word_1_88' title='bbox 316 1281 441 1322; x_wconf 91' lang='lat' dir='ltr'>etiam</span> <span class='ocrx_word' id='word_1_89' title='bbox 471 1280 649 1335; x_wconf 83' lang='lat' dir='ltr'>direpto,</span> <span class='ocrx_word' id='word_1_90' title='bbox 679 1279 799 1319; x_wconf 76' lang='lat' dir='ltr'>xxix.</span> <span class='ocrx_word' id='word_1_91' title='bbox 823 1283 860 1321; x_wconf 83' lang='lat'>8.</span> <span class='ocrx_word' id='word_1_92' title='bbox 885 1280 920 1320; x_wconf 79' lang='lat'>9.</span> <span class='ocrx_word' id='word_1_93' title='bbox 984 1277 1149 1320; x_wconf 86' lang='lat' dir='ltr'>Deinde</span> <span class='ocrx_word' id='word_1_94' title='bbox 1169 1279 1347 1320; x_wconf 87' lang='lat' dir='ltr'>alterum</span> 
     </span>
     <span class='ocr_line' id='line_1_15' title="bbox 93 1362 1347 1421; baseline -0.004 -14"><span class='ocrx_word' id='word_1_95' title='bbox 93 1365 331 1421; x_wconf 85' lang='lat' dir='ltr'>exemplum</span> <span class='ocrx_word' id='word_1_96' title='bbox 368 1366 494 1406; x_wconf 88' lang='lat' dir='ltr'>habet</span> <span class='ocrx_word' id='word_1_97' title='bbox 527 1378 625 1404; x_wconf 81' lang='lat' dir='ltr'>xxx.</span> <span class='ocrx_word' id='word_1_98' title='bbox 664 1364 729 1404; x_wconf 76' lang='lat'>20.</span> <span class='ocrx_word' id='word_1_99' title='bbox 767 1365 822 1411; x_wconf 87' lang='grc'>6.,</span> <span class='ocrx_word' id='word_1_100' title='bbox 864 1362 1034 1404; x_wconf 85' lang='lat' dir='ltr'>Italicos</span> <span class='ocrx_word' id='word_1_101' title='bbox 1071 1362 1235 1410; x_wconf 84' lang='lat' dir='ltr'>milites,</span> <span class='ocrx_word' id='word_1_102' title='bbox 1275 1363 1347 1418; x_wconf 90' lang='lat' dir='ltr'>qui</span> 
     </span>
     <span class='ocr_line' id='line_1_16' title="bbox 91 1446 1345 1504; baseline -0.003 -14"><span class='ocrx_word' id='word_1_103' title='bbox 91 1450 135 1490; x_wconf 90' lang='lat' dir='ltr'>in</span> <span class='ocrx_word' id='word_1_104' title='bbox 175 1450 364 1492; x_wconf 86' lang='lat' dir='ltr'>Africam</span> <span class='ocrx_word' id='word_1_105' title='bbox 414 1449 531 1504; x_wconf 85' lang='lat' dir='ltr'>sequi</span> <span class='ocrx_word' id='word_1_106' title='bbox 579 1449 823 1496; x_wconf 81' lang='lat' dir='ltr'>abnuerent,</span> <span class='ocrx_word' id='word_1_107' title='bbox 876 1447 918 1486; x_wconf 89' lang='lat' dir='ltr'>in</span> <span class='ocrx_word' id='word_1_108' title='bbox 965 1446 1122 1501; x_wconf 87' lang='lat' dir='ltr'>templo</span> <span class='ocrx_word' id='word_1_109' title='bbox 1163 1447 1345 1487; x_wconf 78' lang='lat' dir='ltr'>Junonis</span> 
     </span>
     <span class='ocr_line' id='line_1_17' title="bbox 93 1530 1344 1584; baseline -0.002 -10"><span class='ocrx_word' id='word_1_110' title='bbox 93 1534 286 1576; x_wconf 83' lang='lat' dir='ltr'>Laciniae</span> <span class='ocrx_word' id='word_1_111' title='bbox 320 1533 576 1574; x_wconf 87' lang='lat' dir='ltr'>interfectos.</span> <span class='ocrx_word' id='word_1_112' title='bbox 638 1530 765 1572; x_wconf 86' lang='lat' dir='ltr'>Fides</span> <span class='ocrx_word' id='word_1_113' title='bbox 798 1530 857 1571; x_wconf 93' lang='lat' dir='ltr'>rei</span> <span class='ocrx_word' id='word_1_114' title='bbox 878 1545 1003 1584; x_wconf 88' lang='lat' dir='ltr'>penes</span> <span class='ocrx_word' id='word_1_115' title='bbox 1034 1537 1243 1570; x_wconf 83' lang='lat' dir='ltr'>auctorem</span> <span class='ocrx_word' id='word_1_116' title='bbox 1268 1530 1344 1571; x_wconf 64' lang='lat' dir='ltr'>sit}</span> 
     </span>
     <span class='ocr_line' id='line_1_18' title="bbox 93 1612 1345 1670; baseline -0.005 -11"><span class='ocrx_word' id='word_1_117' title='bbox 93 1618 307 1666; x_wconf 86' lang='lat' dir='ltr'>Ceterum,</span> <span class='ocrx_word' id='word_1_118' title='bbox 341 1615 374 1656; x_wconf 88' lang='lat' dir='ltr'>si</span> <span class='ocrx_word' id='word_1_119' title='bbox 394 1614 680 1670; x_wconf 85' lang='lat' dir='ltr'>reputabimus</span> <span class='ocrx_word' id='word_1_120' title='bbox 701 1628 828 1668; x_wconf 85' lang='lat' dir='ltr'>prope</span> <span class='ocrx_word' id='word_1_121' title='bbox 848 1613 987 1668; x_wconf 88' lang='lat' dir='ltr'>ipsum</span> <span class='ocrx_word' id='word_1_122' title='bbox 1007 1612 1121 1653; x_wconf 86' lang='lat' dir='ltr'>istud</span> <span class='ocrx_word' id='word_1_123' title='bbox 1142 1613 1345 1667; x_wconf 79' lang='lat' dir='ltr'>templum</span> 
     </span>
     <span class='ocr_line' id='line_1_19' title="bbox 93 1697 1345 1743; baseline -0.004 -1"><span class='ocrx_word' id='word_1_124' title='bbox 93 1700 374 1743; x_wconf 84' lang='lat' dir='ltr'>Hannibalem</span> <span class='ocrx_word' id='word_1_125' title='bbox 414 1714 527 1740; x_wconf 88' lang='lat' dir='ltr'>aram</span> <span class='ocrx_word' id='word_1_126' title='bbox 567 1697 800 1740; x_wconf 85' lang='lat' dir='ltr'>condidisse</span> <span class='ocrx_word' id='word_1_127' title='bbox 837 1705 879 1738; x_wconf 90' lang='lat' dir='ltr'>et</span> <span class='ocrx_word' id='word_1_128' title='bbox 911 1712 1006 1738; x_wconf 90' lang='lat' dir='ltr'>cum</span> <span class='ocrx_word' id='word_1_129' title='bbox 1048 1697 1172 1737; x_wconf 88' lang='lat' dir='ltr'>titulo</span> <span class='ocrx_word' id='word_1_130' title='bbox 1207 1712 1345 1738; x_wconf 88' lang='lat' dir='ltr'>rerum</span> 
     </span>
     <span class='ocr_line' id='line_1_20' title="bbox 93 1781 1345 1840; baseline -0.005 -13"><span class='ocrx_word' id='word_1_131' title='bbox 93 1787 146 1826; x_wconf 84' lang='lat' dir='ltr'>ab</span> <span class='ocrx_word' id='word_1_132' title='bbox 167 1801 210 1827; x_wconf 90' lang='lat' dir='ltr'>se</span> <span class='ocrx_word' id='word_1_133' title='bbox 240 1794 452 1840; x_wconf 85' lang='lat' dir='ltr'>gestarum</span> <span class='ocrx_word' id='word_1_134' title='bbox 483 1782 802 1833; x_wconf 78' lang='lat' dir='ltr'>consecravisse,</span> <span class='ocrx_word' id='word_1_135' title='bbox 840 1781 1006 1836; x_wconf 77' lang='lat' dir='ltr'>(xxviii.</span> <span class='ocrx_word' id='word_1_136' title='bbox 1031 1783 1097 1822; x_wconf 82' lang='lat'>46.</span> <span class='ocrx_word' id='word_1_137' title='bbox 1126 1781 1228 1835; x_wconf 84' lang='lat'>16.)‚</span> <span class='ocrx_word' id='word_1_138' title='bbox 1262 1796 1345 1822; x_wconf 89' lang='lat' dir='ltr'>non</span> 
     </span>
     <span class='ocr_line' id='line_1_21' title="bbox 95 1864 1345 1915; baseline -0.004 -6"><span class='ocrx_word' id='word_1_139' title='bbox 95 1868 319 1910; x_wconf 85' lang='lat' dir='ltr'>verisimile</span> <span class='ocrx_word' id='word_1_140' title='bbox 365 1867 591 1915; x_wconf 86' lang='lat' dir='ltr'>videbitur,</span> <span class='ocrx_word' id='word_1_141' title='bbox 642 1865 753 1906; x_wconf 89' lang='lat' dir='ltr'>ultro</span> <span class='ocrx_word' id='word_1_142' title='bbox 804 1865 940 1914; x_wconf 85' lang='lat' dir='ltr'>deam,</span> <span class='ocrx_word' id='word_1_143' title='bbox 991 1864 1058 1905; x_wconf 86' lang='lat' dir='ltr'>cui</span> <span class='ocrx_word' id='word_1_144' title='bbox 1105 1864 1345 1905; x_wconf 87' lang='lat' dir='ltr'>memoriam</span> 
     </span>
     <span class='ocr_line' id='line_1_22' title="bbox 94 1947 1345 2003; baseline -0.003 -10"><span class='ocrx_word' id='word_1_145' title='bbox 94 1967 235 1994; x_wconf 88' lang='lat' dir='ltr'>rerum</span> <span class='ocrx_word' id='word_1_146' title='bbox 284 1966 452 1992; x_wconf 86' lang='lat' dir='ltr'>suarum</span> <span class='ocrx_word' id='word_1_147' title='bbox 499 1950 750 1997; x_wconf 81' lang='lat' dir='ltr'>mandasset,</span> <span class='ocrx_word' id='word_1_148' title='bbox 812 1955 855 1989; x_wconf 83' lang='lat' dir='ltr'>et</span> <span class='ocrx_word' id='word_1_149' title='bbox 904 1948 1025 1988; x_wconf 86' lang='lat' dir='ltr'>deam</span> <span class='ocrx_word' id='word_1_150' title='bbox 1075 1947 1345 2003; x_wconf 88' lang='lat' dir='ltr'>Carthaginis</span> 
     </span>
     <span class='ocr_line' id='line_1_23' title="bbox 95 2031 1341 2085; baseline -0.004 -7"><span class='ocrx_word' id='word_1_151' title='bbox 95 2035 328 2084; x_wconf 87' lang='lat' dir='ltr'>custodem,</span> <span class='ocrx_word' id='word_1_152' title='bbox 376 2033 564 2075; x_wconf 83' lang='lat' dir='ltr'>violasse.</span> <span class='ocrx_word' id='word_1_153' title='bbox 644 2032 713 2073; x_wconf 77' lang='lat' dir='ltr'>Ne</span> <span class='ocrx_word' id='word_1_154' title='bbox 750 2031 855 2072; x_wconf 91' lang='lat' dir='ltr'>illud</span> <span class='ocrx_word' id='word_1_155' title='bbox 896 2031 1065 2085; x_wconf 87' lang='lat' dir='ltr'>quidem</span> <span class='ocrx_word' id='word_1_156' title='bbox 1105 2031 1341 2081; x_wconf 83' lang='lat' dir='ltr'>verisimile,</span> 
     </span>
     <span class='ocr_line' id='line_1_24' title="bbox 93 2114 1344 2176; baseline -0.005 -14"><span class='ocrx_word' id='word_1_157' title='bbox 93 2119 280 2176; x_wconf 89' lang='lat' dir='ltr'>potuisse</span> <span class='ocrx_word' id='word_1_158' title='bbox 315 2117 486 2158; x_wconf 89' lang='lat' dir='ltr'>Italicos</span> <span class='ocrx_word' id='word_1_159' title='bbox 517 2116 618 2157; x_wconf 88' lang='lat' dir='ltr'>istos</span> <span class='ocrx_word' id='word_1_160' title='bbox 654 2115 935 2156; x_wconf 87' lang='lat' dir='ltr'>Hannibalem</span> <span class='ocrx_word' id='word_1_161' title='bbox 964 2114 1107 2156; x_wconf 87' lang='lat' dir='ltr'>fallere</span> <span class='ocrx_word' id='word_1_162' title='bbox 1139 2115 1344 2169; x_wconf 84' lang='lat' dir='ltr'>templum</span> 
     </span>
     <span class='ocr_line' id='line_1_25' title="bbox 97 2198 1346 2258; baseline -0.005 -12"><span class='ocrx_word' id='word_1_163' title='bbox 97 2208 362 2258; x_wconf 87' lang='lat' dir='ltr'>occupantes.</span> <span class='ocrx_word' id='word_1_164' title='bbox 432 2200 562 2241; x_wconf 88' lang='lat' dir='ltr'>Adde</span> <span class='ocrx_word' id='word_1_165' title='bbox 601 2199 713 2254; x_wconf 89' lang='lat' dir='ltr'>quod</span> <span class='ocrx_word' id='word_1_166' title='bbox 754 2199 1007 2240; x_wconf 86' lang='lat' dir='ltr'>ditissimum</span> <span class='ocrx_word' id='word_1_167' title='bbox 1039 2207 1082 2240; x_wconf 85' lang='lat' dir='ltr'>et</span> <span class='ocrx_word' id='word_1_168' title='bbox 1121 2198 1241 2239; x_wconf 81' lang='lat' dir='ltr'>donis</span> <span class='ocrx_word' id='word_1_169' title='bbox 1280 2214 1346 2240; x_wconf 90' lang='lat' dir='ltr'>re-</span> 
     </span>
     <span class='ocr_line' id='line_1_26' title="bbox 94 2282 1343 2339; baseline -0.005 -11"><span class='ocrx_word' id='word_1_170' title='bbox 94 2287 250 2328; x_wconf 88' lang='lat' dir='ltr'>fertum</span> <span class='ocrx_word' id='word_1_171' title='bbox 270 2291 359 2328; x_wconf 87' lang='lat' dir='ltr'>erat</span> <span class='ocrx_word' id='word_1_172' title='bbox 388 2283 593 2339; x_wconf 85' lang='lat' dir='ltr'>templum</span> <span class='ocrx_word' id='word_1_173' title='bbox 624 2283 765 2331; x_wconf 84' lang='lat' dir='ltr'>istud3</span> <span class='ocrx_word' id='word_1_174' title='bbox 798 2289 847 2323; x_wconf 88' lang='lat' dir='ltr'>ut</span> <span class='ocrx_word' id='word_1_175' title='bbox 877 2282 1073 2325; x_wconf 88' lang='lat' dir='ltr'>credibile</span> <span class='ocrx_word' id='word_1_176' title='bbox 1108 2282 1160 2323; x_wconf 85' lang='lat' dir='ltr'>sit</span> <span class='ocrx_word' id='word_1_177' title='bbox 1181 2282 1343 2323; x_wconf 86' lang='lat' dir='ltr'>nonita</span> 
     </span>
    </p>
   </div>
   <div class='ocr_carea' id='block_1_3' title="bbox 95 2365 1345 2423">
    <p class='ocr_par' dir='ltr' id='par_1_5' title="bbox 95 2365 1345 2423">
     <span class='ocr_line' id='line_1_27' title="bbox 95 2365 1345 2423; baseline -0.005 -12"><span class='ocrx_word' id='word_1_178' title='bbox 95 2369 270 2420; x_wconf 88' lang='lat' dir='ltr'>facilem,</span> <span class='ocrx_word' id='word_1_179' title='bbox 302 2383 354 2410; x_wconf 89' lang='lat' dir='ltr'>ne</span> <span class='ocrx_word' id='word_1_180' title='bbox 384 2367 646 2423; x_wconf 82' lang='lat' dir='ltr'>diriperetur,</span> <span class='ocrx_word' id='word_1_181' title='bbox 680 2366 840 2407; x_wconf 86' lang='lat' dir='ltr'>aditum</span> <span class='ocrx_word' id='word_1_182' title='bbox 861 2366 950 2420; x_wconf 85' lang='lat' dir='ltr'>ejus</span> <span class='ocrx_word' id='word_1_183' title='bbox 971 2365 1208 2420; x_wconf 88' lang='lat' dir='ltr'>palantibus</span> <span class='ocrx_word' id='word_1_184' title='bbox 1238 2365 1345 2405; x_wconf 86' lang='lat' dir='ltr'>mili-</span> 
     </span>
    </p>
   </div>
  </div>
 </body>
</html>
