1490 2588
543 137 816 176 LIVIANAE.
1264 142 1311 174 29

54 244 146 281 haec
165 242 292 280 omnia
309 246 333 264 “
349 256 391 280 ae
412 246 488 280 tecm
507 243 645 280 demum
665 244 756 280 &c.’⁷
772 243 818 280 ab
833 242 1062 280 Hannibalis
1082 242 1309 291 cogitatione

57 309 136 358 (cui
163 308 316 358 quidem
345 309 460 345 etiam
488 322 622 357 parum
649 309 845 357 proprium
874 308 1067 358 convenit)
1099 308 1311 345 dirimenda

54 377 178 412 essent
196 377 235 412 et
253 387 302 412 ex
320 374 441 424 ipsius
459 374 630 411 historici
647 387 806 423 persona
824 374 1053 423 accipienda.

132 477 198 516 25.
227 476 287 516 14.
311 481 339 500 ‘⁶
356 473 425 515 Si*
447 489 574 530 penes
595 488 638 515 se
661 506 669 515 .
695 506 702 513 .
727 506 734 513 .
758 474 845 515 sit.'’

105 561 130 584 ÷÷
148 559 305 596 Mallem
321 558 483 607 Sepenes
496 585 547 590 —
560 589 568 605 ‚
587 558 724 596 omissa
742 557 1006 608 conjunctione
1023 572 1030 594 :
1054 558 1140 595 vide
1156 558 1203 595 ad
1223 558 1306 596 Sal-

52 625 138 663 lust.
159 625 245 674 Jzty.
265 628 326 662 64.

100 714 163 761 ’-
188 730 254 771 26.
279 729 316 772 7.
340 728 648 784 “acceptisque
672 761 679 767 .
705 761 712 767 .
737 760 744 768 .
767 727 898 770 literis
924 728 1302 770 senatusconsulti*

51 800 103 842 de
123 806 302 854 aequato
320 799 534 854 imperio.”

100 906 125 930 ἧς
143 905 182 943 N
184 918 232 942 on
251 906 630 952 senatusconsultum,
653 905 718 943 sed
736 905 870 955 utique
888 906 1133 954 plebiscitum
1152 907 1209 943 est
1226 906 1302 943 fae-

47 973 142 1008 tum.
185 971 323 1020 Itaque
338 971 488 1008 volebat
507 971 671 1020 Lipsius,
690 971 812 1008 deleto
831 971 997 1017 consulti,
1021 972 1140 1009 literis
1159 975 1302 1008 senatus

41 1036 164 1085 Jungi.
218 1037 276 1073 De
299 1037 481 1086 junctura
501 1036 656 1086 quidem
685 1037 876 1074 assentior.
932 1038 1004 1074 Pro
1031 1037 1190 1074 consulti
1212 1050 1300 1075 Vero

45 1115 184 1151 repono
200 1114 278 1139 cum
290 1102 379 1139 seito
392 1103 435 1151 (s.
452 1102 546 1138 scita
558 1117 571 1144 ,·
591 1115 626 1140 v.
642 1102 758 1139 Drak.
774 1103 820 1139 ad
835 1116 870 1139 v.
896 1106 954 1140 13.
971 1107 1005 1141 5.
1019 1118 1027 1149 ;
1050 1116 1125 1152 qua
1144 1103 1299 1152 quidem

44 1180 91 1204 ex
111 1167 231 1205 forma
248 1171 382 1205 natum
406 1168 526 1205 videri
543 1171 666 1217 potest
684 1168 725 1205 id
740 1169 840 1217 quod
854 1169 996 1206 habent
1011 1170 1094 1207 edd,
1109 1170 1294 1219 quaedam

47 1237 142 1271 vett.
164 1234 276 1282 sieut)
289 1248 298 1280 ;
321 1247 370 1270 so.
391 1233 538 1282 plebis:
561 1234 606 1271 cf.
629 1232 648 1284 ἓ
671 1237 703 1271 4.

99 1351 153 1356 -
176 1329 244 1367 33.
270 1327 307 1365 2.
333 1332 360 1350 ‘⁶
375 1325 483 1366 servi
503 1325 688 1380 quinque
710 1332 752 1367 et
773 1325 927 1381 viginti
948 1325 991 1367 in
1013 1341 1178 1368 crucem
1200 1327 1295 1375 acti,

47 1396 160 1450 quod
181 1395 225 1437 in
246 1411 392 1451 eampo
414 1396 599 1437 Martio*
618 1397 708 1451 conj
716 1397 942 1438 urassent.”

98 1481 123 1505 κ
142 1481 219 1518 Cur
237 1481 308 1518 isto
328 1482 430 1530 quod
448 1482 528 1518 1000
552 1482 678 1530 potius
698 1495 812 1530 quam
831 1482 932 1530 quod
955 1480 1076 1518 alibi?
1101 1495 1168 1518 0111·
1193 1483 1298 1519 locus

44 1546 171 1595 potius
183 1560 296 1596 quam
311 1560 370 1584 res
381 1547 463 1596 ipsa
475 1548 728 1585 memoratur?
753 1549 942 1584 Fortasse:
961 1548 1058 1597 quod
1072 1548 1297 1596 Capitolium

43 1625 198 1651 cremare
217 1613 468 1662 conjurassent.
524 1614 595 1660 Of„
617 1614 665 1650 ad
694 1614 802 1650 infin.
830 1614 931 1663 quod
956 1614 1103 1659 attinet,
1138 1614 1296 1653 Sallust.

48 1679 130 1717 Cat.
154 1682 215 1716 52.
238 1682 311 1725 24„
337 1683 362 1699 “
383 1680 640 1729 Conjurawre.
663 1710 670 1717 .
694 1679 857 1729 patriam
881 1680 1105 1718 incenderess'
1162 1681 1214 1718 Et
1232 1681 1296 1718 Li-

43 1744 199 1781 vianum
213 1747 268 1782 est
279 1745 405 1794 ipsum
420 1746 605 1783 cremanda*
617 1747 774 1783 verbum
786 1746 810 1783 i.
829 1749 860 1783 1.
873 1749 905 1783 8.
925 1750 947 1766 “
961 1747 1086 1795 patria
1097 1747 1134 1792 ;''
1156 1747 1295 1784 xxviii.

48 1813 106 1846 19.
133 1813 203 1855 12„
236 1814 260 1831 “
279 1810 405 1850 urbe.'’
462 1812 643 1848 Poterant
671 1815 799 1848 autem
824 1812 923 1848 servi
949 1812 996 1848 ad
1019 1812 1058 1848 id
1079 1812 1205 1860 ipsum
1229 1825 1297 1862 per

44 1875 316 1924 speculatorem
336 1876 453 1913 istum
482 1890 561 1914 esse
593 1877 797 1923 sollicitati,
828 1881 872 1914 ut
900 1891 947 1915 ex
975 1881 1053 1914 tam
1078 1878 1230 1915 funesta
1259 1882 1296 1916 et

44 1942 153 1991 quasi
170 1941 279 1979 fatali
296 1955 335 1980 re
354 1955 463 1980 omen
481 1943 571 1980 belli
591 1947 795 1992 caperetur.

101 2062 159 2068 —
189 2036 257 2074 38.
293 2036 331 2076 9.
382 2040 411 2059 “
430 2049 513 2089 qua
548 2034 652 2075 nihil
686 2035 960 2077 inclementer
987 2035 1032 2076 in
1054 2035 1293 2079 Varronem

44 2105 220 2155 dietum,
243 2104 322 2146 nisi
342 2105 385 2145 id
407 2105 556 2147 modo*
576 2124 584 2156 ;
616 2107 779 2146 Illirarz’
795 2121 848 2156 se,
871 2106 973 2148 ete.'’

94 2205 120 2229 ⁹⁵
134 2203 480 2252 Distinguendum:
503 2208 526 2224 “
541 2217 616 2253 qua
629 2205 729 2241 nihil
744 2235 752 2242 .
776 2234 783 2241 .
809 2234 815 2241 .
831 2205 986 2251 dictum,
1004 2206 1183 2243 nisi—Id
1193 2208 1291 2245 modo

43 2270 180 2308 mirwi
195 2283 241 2316 se,
263 2270 377 2316 etc.‚’'
401 2273 447 2307 ut
467 2271 561 2308 duae
579 2284 688 2308 voces
716 2271 757 2308 z‘d
777 2272 875 2308 modo
901 2271 976 2309 sint
995 2273 1114 2309 Paulo
1134 2273 1289 2311 dandae.

44 2336 273 2374 Crediderim
304 2335 418 2374 etiam
454 2336 681 2374 inclementer
716 2338 936 2376 adverbium
964 2338 1168 2376 Paulinum
1200 2352 1291 2377 esse.

601 2415 620 2440 c
641 2405 663 2439 2
