1490 2588
604 188 791 225 INDEX.
1284 190 1329 224 75

74 293 198 332 Ellipsis
208 303 358 323 :—causa
371 292 428 334 (P),
446 295 490 330 5.·‚
507 297 594 323 ratus
607 292 662 335 (5³),

115 338 164 374 9.;
190 337 295 375 copias
321 335 375 377 (?),
410 339 480 375 14.;
512 338 666 375 praeteriti

113 390 155 410 ex
168 380 272 410 futuro
297 378 357 420 (Ρ),
378 382 428 411 15.
448 382 512 417 bis;
535 381 596 410 nisi
611 391 666 420 pro

113 434 174 453 non
189 424 258 460 nisi,
276 424 348 461 42.;
372 425 484 463 itaque,
503 425 574 456 544
592 425 667 463 quid

114 467 202 495 aliud
230 465 401 506 (facerem),
424 465 573 507 quam—⁸?
592 470 664 505 61.;

113 510 140 539 si
154 509 234 538 nihil
248 510 346 548 aliud,
365 512 414 541 61.

71 552 211 590 Eimms,
229 553 280 583 32.

72 595 190 625 Eodem
200 596 350 635 pervenit,
368 597 405 627 de
423 597 538 636 judicio
562 597 664 634 animi,

72 692 133 721 Eos
149 695 179 721 et
194 686 243 722 cos
262 687 316 730 (Ρ),
335 693 457 729 eeteros,
475 691 526 721 56.

72 734 292 773 Epiphonema,
311 735 360 763 39.

71 777 146 807 Esse
163 781 299 808 :-sz'cut
329 781 396 806 erat
427 774 485 816 (‘?)‚
517 779 664 814 armatus,

117 823 185 858 13.;
210 826 240 852 et
257 820 305 862 (?)
327 830 391 850 esse
412 824 441 849 et
462 820 567 858 videri,
593 821 665 857 55.;

115 875 177 895 esse
192 870 222 895 et.
236 866 294 895 isse
312 862 369 904 (Ῥ),
389 865 439 894 66.

74 907 116 936 Et
143 908 394 946 parenthetieum,
428 908 475 940 1.;
504 916 610 944 reyem‚
639 909 668 935 et

115 961 211 990 reyem
228 950 274 992 (?)
290 952 329 981 ab
345 950 421 990 ipsis
444 953 588 989 creatum,
615 951 643 980 5.
659 960 667 986 3

115 995 204 1033 quasi
226 1004 288 1024 non
311 1004 364 1024 suo
380 994 456 1030 loco,
475 994 545 1030 26.;
570 996 599 1022 et
616 991 666 1032 (?)

114 1048 178 1067 esse
192 1043 221 1068 et
235 1038 341 1075 videri,
361 1038 412 1068 55.
426 1048 433 1073 3
458 1040 487 1065 et
506 1040 537 1067 et
552 1046 597 1074 ex,
616 1037 666 1067 57.

73 1080 182 1110 Etiam
197 1086 290 1120 atque
304 1082 405 1118 etiam,
424 1082 474 1110 30.

74 1125 153 1154 Eum
169 1125 270 1154 omiss.
289 1129 359 1154 ante
373 1124 469 1160 infin„
488 1124 538 1153 50.

74 1168 242 1197 Eoeam'mes
255 1172 285 1197 et
296 1169 412 1197 anxias
424 1165 481 1207 (‘?),
501 1167 529 1196 8.
543 1177 550 1201 ;
569 1176 669 1195 omnes

116 1215 146 1240 et
167 1212 323 1241 exanimes
347 1209 404 1251 (?)‚
429 1211 501 1247 48.;
526 1211 564 1239 de
578 1210 669 1239 cada-

115 1254 248 1292 veribus,
265 1256 316 1284 48.

75 1297 222 1327 Exere-itu
253 1296 318 1337 (in)
355 1297 510 1335 stipendia
543 1296 670 1324 emerita

116 1341 238 1376 habere,
264 1344 421 1379 suspectus
442 1339 584 1379 loquendi
604 1348 669 1368 mo-

118 1384 174 1412 dus
203 1385 252 1414 65.

76 1407 266 1465 Exspectato
282 1424 329 1467 (P)
346 1426 475 1463 consule.
492 1427 544 1456 54.

76 1470 212 1508 Eaepertz‘
225 1470 354 1500 salutem
368 1468 424 1510 (P),
444 1471 492 1499 19.
508 1480 515 1507 ;
534 1469 607 1499 velle
623 1467 669 1509 (P)

118 1514 261 1551 eaeperiri,
281 1515 330 1543 19.

76 1557 279 1586 Extrinsecus
295 1555 343 1596 (ἵ)
359 1560 389 1585 et
411 1557 570 1593 ezercitus,
589 1557 638 1587 56.

73 1643 234 1672 Facillime
250 1640 294 1684 (P)
311 1646 342 1672 et
355 1642 514 1680 vilissima,
532 1644 582 1673 35.

76 1687 175 1716 Facta
191 1690 221 1716 et
233 1690 330 1725 pacta
348 1684 406 1725 (2²),
426 1687 475 1716 69.

71 1730 191 1768 Factio,
214 1731 241 1759 6.

74 1773 253 1802 Facultates
267 1772 420 1811 negative,
438 1773 488 1802 20.

75 1817 168 1846 Falso
185 1816 313 1853 credere,
332 1817 383 1845 46.

76 1859 168 1889 Fassz'
182 1858 228 1899 (P)
247 1859 374 1898 etsessz',
391 1860 442 1889 21.

77 1902 229 1932 Fautores
245 1900 291 1943 (?)
308 1902 388 1941 belli,
408 1903 458 1932 13.

76 1946 162 1975 Fessi
177 1950 207 1975 et
213 1945 307 1985 fassi,
327 1947 376 1975 21.

76 1989 176 2018 Filius
190 1998 301 2018 nomen
317 1988 478 2018 delendum
494 1986 552 2029 (Ῥ),
573 1990 615 2026 1.;
635 1989 669 2024 Q.

119 2032 236 2062 Fabius
254 2031 518 2071 lWaaeimusfilius,
533 2033 585 2062 45.

78 2073 222 2105 Fortuita
238 2073 285 2114 (P)
301 2085 358 2113 res,
379 2076 427 2105 10.

80 2118 211 2148 Fractos
227 2116 274 2159 (‘?)
291 2122 321 2148 et
336 2120 439 2156 iratos,
459 2119 509 2148 51.

78 2161 226 2199 Fnonw,
245 2163 283 2198 6.⁷
308 2163 370 2199 40„
394 2163 456 2199 45„
483 2162 544 2199 53„
568 2162 618 2191 71.

78 2204 194 2243 Fuyere
208 2206 390 2244 .·-—fu9erat
424 2205 458 2234 in
494 2204 672 2243 leyatz'onem

116 2248 228 2286 populi
236 2248 399 2287 judicium,
417 2250 481 2283 25.;
501 2248 587 2276 multi
601 2248 674 2277 inde

115 2291 427 2331 judiciumfuyerunt
445 2289 502 2330 (P),
521 2292 570 2321 59.

80 2333 231 2364 Futurum
245 2338 377 2374 tempus,
395 2336 442 2365 15.
460 2335 513 2365 bis.

83 2418 240 2458 GELLms,
261 2422 308 2451 19.

735 293 897 324 Genitivus
913 293 1024 331 proprii
1045 293 1156 322 omisso
1169 293 1260 332 filius
1277 302 1331 321 no—

776 338 858 366 mine
873 339 1004 375 regente,
1025 338 1070 371 1.;
1091 341 1145 366 tua
1157 338 1332 375 praesentis

779 378 823 420 (1³)
839 389 903 419 ope,
921 381 948 409 4.
965 390 972 414 ;
992 379 1274 417 circumlocutionis,
1289 381 1328 417 4.,

775 424 845 457 4Ο.;
861 424 1030 452 ulciscendi
1045 421 1178 463 (causa),
1197 424 1225 453 5.
1241 434 1248 458 ς
1273 422 1332 452 du-

777 466 859 504 plex,
880 468 929 496 12.
943 477 952 501 ;
970 467 1132 496 admonere
1147 476 1173 497 c.
1190 475 1258 504 gen.
1273 466 1330 505 (ἒ),

779 511 846 545 14.;
879 519 897 539 a
926 514 1049 548 regente
1078 510 1242 539 distractus
1273 507 1330 547 (Ῥ),

771 553 845 590 plus
861 574 869 582 .
882 574 889 581 .
904 574 911 582 .
928 554 1003 590 spei,
1018 555 1082 589 16.;
1097 563 1239 592 equorum
1251 563 1331 583 com-

775 596 933 625 mercandi
949 594 995 636 (Ρ)
1012 597 1112 632 venia,
1132 598 1181 626 66.

740 638 823 667 Gens
839 639 1023 677 etjuventus
1039 638 1094 680 (Β),
1114 641 1163 669 68.

739 682 874 712 Gessisse
889 686 918 711 et
935 685 1058 711 cessisse
1075 681 1131 722 (P),
1150 685 1200 713 50.

735 724 883 755 Gerundii
899 734 982 761 usus,
1002 727 1053 756 66.

735 768 885 798 Gnomica
900 769 1059 804 sententia,
1077 771 1127 799 25.

735 811 928 843 Graecismus
942 823 948 841 :
987 812 1101 841 volenti
1136 813 1233 842 alicui
1270 824 1332 842 esse

777 855 906 893 aliquid,
925 856 976 885 26.
996 854 1064 895 (P),
1085 858 1134 886 70.
1153 855 1210 895 (1³).

742 897 943 928 Gravis-suma
959 896 1116 939 (?)sama‚
1135 900 1185 929 39.

737 984 858 1013 Haberi
874 981 920 1024 (?)
939 988 968 1013 ct
984 985 1100 1024 quaeri,
1126 987 1176 1016 65.
1192 995 1198 1022 ;
1225 986 1331 1016 haberi

778 1028 834 1064 ita,
860 1032 944 1064 ut—‚
965 1030 1014 1058 65.

738 1070 922 1100 Hannibalis
937 1071 1123 1108 humanitas,
1150 1073 1199 1101 31.

738 1114 840 1143 Haud
854 1112 902 1153 (P)
921 1138 927 1143 .
946 1136 953 1143 .
972 1137 978 1143 .
998 1138 1004 1151 ‚
1030 1115 1117 1143 haud
1131 1113 1233 1155 (‘?)—,
1255 1117 1304 1144 28.
1320 1126 1327 1149 3

780 1161 836 1185 aut
860 1157 948 1186 haud
981 1156 1024 1198 (ἓ)
1049 1159 1129 1187 malo
1154 1162 1210 1187 aut
1228 1169 1330 1188 neces-

779 1199 873 1238 sa'rio,
892 1202 942 1230 36.

739 1245 807 1274 Hoc
822 1253 876 1282 pro
893 1244 970 1273 hune
991 1253 1044 1282 per
1061 1248 1184 1274 attract.
1196 1242 1255 1285 (P),
1284 1248 1330 1275 10.

781 1287 837 1316 bis.

740 1330 892 1368 Hominis,
918 1339 982 1360 acc.
1006 1330 1094 1368 plur„
1121 1332 1172 1360 23.

737 1372 924 1411 ΗοκΑΤωε,
952 1376 992 1411 7.,
1012 1375 1072 1409 17„
1093 1375 1154 1412 21.‚
1179 1375 1239 1412 50„
1266 1376 1329 1413 58„

738 1459 899 1489 Hortandz‘
912 1459 1050 1497 verbum,
1075 1461 1186 1490 omisso
1197 1465 1239 1498 ut,
1258 1464 1307 1491 42.

738 1502 878 1532 Hostilia
889 1504 972 1541 pati,
981 1505 1098 1543 facere,
1116 1505 1168 1533 42.

738 1545 925 1584 Hypalhge,
950 1547 1011 1583 24.‚
1036 1548 1087 1577 40.

738 1589 934 1628 Hyperbole:
956 1591 1049 1628 prius
1070 1599 1177 1629 paene.
1206 1592 1254 1621 17.
1273 1590 1330 1630 (P),

782 1634 852 1670 64.;
870 1637 950 1664 certo
967 1631 1015 1674 (P)
1031 1635 1120 1671 scire,
1141 1636 1190 1663 69.

737 1719 791 1749 Ibi
802 1722 833 1749 et
843 1720 903 1749 sibi
915 1718 973 1760 (2³),
993 1721 1042 1750 16.

738 1763 828 1793 Illieo
843 1761 890 1803 (P)
907 1764 980 1793 etin
996 1763 1133 1800 consilio,
1157 1766 1208 1793 48.

738 1806 814 1843 Illis,
833 1816 895 1835 non
910 1807 1076 1844 praemisso
1090 1808 1218 1844 proprio.
1238 1810 1286 1838 65.

738 1849 953 1887 Imperfectum
965 1854 1086 1888 tempus
1097 1850 1289 1888 subjunctivi
1301 1851 1333 1880 in

780 1902 812 1922 re
827 1893 965 1931 repetita,
990 1897 1024 1922 ut
1035 1894 1214 1932 quisque—7
1240 1896 1268 1924 3.

739 1935 944 1974 Impersonale
962 1934 1008 1975 (Ρ)
1024 1937 1160 1973 verbum,
1180 1938 1231 1966 34.

739 1980 777 2009 In
799 1979 918 2015 injuria
937 1984 1047 2017 vestra,
1073 1981 1144 2017 18.;
1167 1981 1200 2009 in
1213 1980 1332 2019 fluctu-

781 2027 854 2051 ante
873 2023 946 2059 acie,
975 2024 1045 2059 19.;
1070 2023 1103 2052 in
1119 2024 1254 2052 exercitu
1274 2025 1330 2053 sti-

776 2065 894 2104 pendia
905 2066 1028 2095 emerita
1040 2066 1159 2103 habere,
1177 2072 1333 2105 suspectus

780 2108 926 2146 loquendi
940 2109 1058 2146 modus,
1077 2111 1126 2139 65.

739 2153 778 2181 In
794 2152 858 2181 dies
875 2150 923 2192 (ἲ)
939 2155 969 2182 et
983 2152 1117 2189 indiciis,
1135 2154 1185 2183 62.

738 2195 948 2232 Inclemmter,
966 2197 1016 2226 30.

739 2239 942 2276 Incomposite
957 2237 1012 2279 (?)‚
1029 2240 1081 2269 45.

742 2281 872 2310 Iudiciis
888 2286 918 2311 et
929 2282 961 2312 in
978 2282 1043 2312 dies
1058 2280 1116 2322 (2³),
1143 2284 1191 2312 62.

742 2324 859 2364 Infamz'
874 2328 904 2354 et
917 2325 1025 2364 infima
1042 2324 1100 2366 (?)‚
1115 2327 1165 2355 46.

740 2368 862 2407 Infesta
879 2367 995 2408 (infida
1005 2367 1039 2408 fl)
1049 2369 1152 2406 statio,
1169 2370 1222 2400 45.

742 2410 857 2450 Infima
872 2409 920 2452 (?)
934 2416 965 2442 et
980 2413 1100 2452 infami,
1125 2414 1177 2442 46.
