1490 2588
161 181 208 214 20
640 177 931 214 HANNIBAL.

163 286 186 302 “
200 294 311 318 mana
328 281 427 318 mala
447 294 554 329 saepe
567 293 609 318 ac
623 281 689 317 diu
703 282 891 327 duratum,
907 282 1016 319 bonis
1029 281 1270 332 inexpertum
1281 287 1394 334 atque

161 352 185 368 “
202 348 405 384 insuetum.
458 347 607 395 Itaque,
628 359 722 395 quos
736 347 842 383 nulla
861 347 950 384 mali
962 347 1104 385 vicerat
1114 348 1184 394 vis,
1200 350 1395 398 perdidere

161 417 183 433 ‘⁶
198 412 315 449 nimia
327 413 425 448 bona
438 424 477 448 ac
489 412 702 460 voluptates
716 412 935 450 immodicae
951 427 958 458 ;
981 416 1019 450 et
1030 426 1072 450 eo
1086 413 1304 462 impensius,
1322 428 1396 464 quo

161 482 185 498 ‘⁶
200 477 348 514 avidius
367 490 414 513 ex
432 476 635 514 insolentia
653 476 694 513 in
713 490 774 514 eas
794 490 831 514 se
849 481 1064 515 merserant.
1120 479 1279 516 Somnus
1297 480 1397 517 enim

162 548 183 562 ‘⁶
200 545 237 579 et
254 541 388 578 vinum
406 543 444 578 et
463 541 595 590 epulae
613 544 652 578 et
670 544 791 579 scorta
808 543 1032 592 balineaque
1052 546 1089 581 et
1107 544 1227 581 otium
1245 557 1398 582 consue-

161 612 185 627 “
202 607 333 644 tudine
350 607 391 644 in
411 607 488 644 dies
506 607 682 644 blandius
700 607 754 644 ita
772 611 1048 645 enervaverunt
1067 622 1219 658 corpora
1237 610 1396 646 animos-

161 677 184 693 “
202 686 286 722 que,
306 676 350 710 ut
368 673 488 721 magis
501 673 634 710 deinde
645 673 868 721 praeteritae
884 673 1062 711 victoriae
1075 687 1146 720 eos,
1164 687 1276 723 quam
1294 688 1397 724 prae-

161 743 185 758 “
202 741 325 776 sentes
337 741 552 776 tutarentur
567 738 664 775 vires
676 753 684 784 3
714 739 911 787 majusque
923 739 962 775 id
975 742 1170 788 peccatum
1183 739 1287 776 ducis
1298 741 1396 789 apud

161 808 185 823 ‘⁴
199 804 338 852 peritos
357 804 495 841 artium
513 804 734 841 militarium
752 804 966 848 haberetur,
998 817 1111 852 quam
1129 805 1229 853 quod
1247 818 1323 842 non
1349 819 1397 843 ex

162 873 185 889 “
202 869 388 906 Cannensi
407 869 484 906 acie
497 869 670 918 protinus
689 870 732 906 ad
747 871 877 906 urbem
891 870 1099 906 Romanam
1114 870 1307 907 duxisset:
1330 871 1398 908 illa

161 939 185 954 “
202 935 302 971 enim
333 935 521 971 cunctatio
552 935 743 971 distulisse
766 936 875 971 modo
893 935 1090 972 victoriam
1108 935 1229 972 videri
1246 936 1372 984 potuit
1387 951 1395 982 ;

162 1003 185 1019 “
202 999 262 1036 hic
275 1012 374 1036 error
388 999 487 1036 vires
505 999 685 1036 ademisse
704 1000 750 1035 ad
768 1000 1006 1036 vincendum.
1062 1000 1209 1048 Itaque,
1230 1000 1398 1038 Hercule

162 1068 185 1083 “
201 1064 306 1101 velut
325 1064 356 1100 si
375 1077 460 1100 cum
488 1064 561 1100 alio
581 1064 748 1101 exercitu
767 1077 788 1101 a
810 1065 936 1113 Capua
956 1064 1090 1109 exiret,
1121 1064 1220 1101 nihil
1238 1078 1397 1114 usquam

161 1130 381 1178 “pristinae
400 1129 623 1178 disciplinae
650 1130 785 1166 tenuit.
840 1130 938 1167 Nam
958 1133 995 1166 et
1011 1129 1206 1166 redierunt
1224 1130 1397 1179 plerique

161 1200 185 1215 ‘⁶
202 1195 332 1232 scortis
362 1195 541 1244 impliciti
557 1210 564 1240 ;
609 1198 658 1240 et,
688 1195 754 1231 ubi
781 1195 947 1243 primum
977 1196 1045 1231 sub
1077 1195 1242 1243 pellibus
1268 1196 1398 1232 haberi

162 1266 185 1281 “
203 1261 323 1309 coepti
342 1264 430 1298 sunt
443 1261 579 1309 viaque
593 1264 631 1297 et
643 1261 738 1297 alius
749 1260 925 1297 militaris
939 1260 1043 1297 labor
1057 1260 1217 1308 excepit,
1232 1260 1398 1297 tironum

163 1331 187 1348 “
200 1327 308 1363 modo
340 1327 555 1375 corporibus
583 1327 792 1375 animisque
826 1326 1047 1363 deficiebant
1062 1340 1068 1362 :
1101 1330 1142 1362 et
1172 1326 1306 1363 deinde
1332 1339 1399 1374 per

162 1396 184 1413 ‘·
199 1405 307 1429 omne
325 1393 552 1429 aestivorum
567 1396 715 1441 tempus
733 1405 869 1440 magna
882 1404 966 1440 pars
979 1391 1058 1428 sine
1072 1391 1338 1428 commeatibus
1353 1392 1398 1428 ab

164 1466 187 1481 “
202 1461 318 1510 signis
337 1461 625 1506 dilabebantur;
653 1473 775 1509 neque
804 1460 896 1497 aliae
923 1460 1100 1505 latebrae,
1123 1472 1237 1508 quam
1257 1460 1394 1508 Capua,

163 1532 186 1546 “
200 1527 450 1563 desertoribus
469 1526 611 1563 erant.'’

218 1617 319 1658 Non
345 1617 512 1658 fallebat
549 1617 842 1665 Hannibalem,
880 1616 1036 1670 opinor,
1068 1615 1293 1656 amoenitas
1317 1614 1399 1657 Ca-

161 1716 280 1755 puae.
324 1701 405 1742 Sed
422 1701 520 1741 satis
535 1700 612 1741 sibi
629 1700 796 1749 fidebat,
818 1714 936 1754 posse
958 1714 998 1739 se
1015 1705 1057 1739 et
1077 1698 1266 1753 scopulos
1285 1698 1397 1739 adire

160 1798 236 1825 nee
271 1791 408 1825 tamen
440 1784 702 1840 naufragium
729 1784 872 1825 facere.
935 1784 997 1822 At
1018 1782 1138 1837 plane
1158 1781 1308 1829 mirum
1334 1789 1398 1823 est

159 1867 352 1909 fefellisse
374 1868 558 1917 Livium,
580 1868 681 1909 haec
702 1882 832 1922 quum
849 1868 1058 1915 scriberet,
1082 1882 1206 1920 quam
1228 1881 1397 1921 gravem

159 1950 457 1992 incusationem
488 1951 783 1992 imbecillitatis
813 1958 939 2004 atque
971 1950 1142 1991 inertiae
1171 1949 1214 1989 in
1238 1964 1306 1990 eos
1336 1949 1399 1989 in-

159 2035 297 2083 ferret,
331 2036 401 2089 qui
422 2043 523 2077 tuno
543 2050 727 2076 summae
749 2050 887 2075 rerum
914 2035 1024 2089 apud
1047 2034 1253 2074 Romanos
1285 2047 1397 2087 prae—

160 2126 307 2158 essent.
368 2118 412 2158 N
415 2134 480 2159 am
501 2133 573 2160 cur
593 2133 676 2159 non
698 2133 796 2172 ergo
818 2125 880 2159 est
902 2117 1113 2159 Hannibal
1143 2130 1361 2171 oppressus
1376 2115 1397 2155 Ρ

159 2211 326 2237 curnon
343 2197 607 2251 gravissimus
631 2197 760 2238 hostis
781 2197 981 2244 sublatus,
1004 2211 1132 2250 quum
1152 2209 1280 2249 paene
1296 2209 1396 2235 voce

159 2296 231 2321 sua
262 2281 482 2335 perniciem
517 2281 749 2322 invitaret?
807 2280 1033 2329 Videlicet,
1068 2279 1174 2320 sicut
1209 2277 1396 2318 Alexan-

159 2365 277 2405 drum
300 2364 409 2419 apud
437 2364 560 2405 Indos
592 2364 885 2413 Baccha-ntem,
923 2363 1168 2418 praeteritae
1198 2361 1395 2402 victoriae
