1490 2588
180 177 227 209 36
660 170 955 207 HANNIBAL.

175 277 289 318 tibus
329 276 525 331 patuisse.
597 274 715 329 Ergo
748 273 880 325 aliter,
922 274 1079 329 opinor,
1120 274 1334 329 magisque
1372 276 1424 316 ad

178 361 397 402 veritatem
412 364 576 414 poterat
596 372 660 399 res
676 358 856 406 narrari3
888 364 991 412 puta
1009 357 1219 413 fugientes
1235 357 1335 399 istos
1350 359 1426 399 mi-

175 445 271 486 lites
291 444 474 485 immisso
505 442 698 497 equitatu
719 456 851 496 usque
872 441 924 482 ad
953 441 1080 482 limen
1104 441 1262 496 templi,
1295 456 1426 482 unum

176 529 437 582 alterumque
458 527 632 568 fortasse
664 527 736 580 (ne
756 525 1077 566 fundamentum
1097 539 1218 566 omne
1240 524 1426 566 veritatis

179 612 302 653 Livio
324 611 624 664 subducamus)
648 610 689 650 in
711 609 800 664 ipso
822 609 976 658 limine,
1005 623 1092 650 esse
1113 623 1265 658 CaeSOS,
1288 623 1427 650 exem-

179 698 248 752 plo
269 697 310 737 in
333 703 446 737 statu
467 695 539 749 qui
560 702 649 736 turn
672 701 759 735 erat
780 709 932 742 rerum,
956 708 1008 734 ne
1028 692 1166 748 plures
1188 693 1426 741 deficerent,

181 780 422 822 necessario.
475 779 534 819 Et
554 778 724 819 minime
744 777 995 833 1·eligionis‚*
1014 777 1126 832 quali
1147 777 1314 832 quidem
1336 778 1428 819 reli·

180 864 303 918 gione
324 871 426 905 tunc
448 863 633 904 homines
654 862 894 910 utebantur,
921 874 1069 915 expers
1090 868 1179 902 erat
1201 861 1426 911 Hannibal,

181 948 303 989 sicuti
329 948 439 1002 apud
470 946 641 987 Livium
674 946 864 1003 videmus
897 945 984 985 xxi.
1007 949 1072 985 21.
1095 946 1146 993 6.‚
1183 945 1303 986 “diis
1324 947 1428 987 bene

173 1030 452 1086 juvantibus''
482 1029 640 1071 bellum
670 1029 849 1083 incipere
870 1028 1093 1078 volentem,
1117 1035 1159 1069 et
1181 1027 1213 1079 ἕ.
1235 1032 1272 1072 9.
1320 1028 1429 1069 Her-

180 1115 264 1156 culi
284 1122 383 1156 vota
407 1114 693 1155 exsolventem
726 1113 928 1167 novisque
957 1127 999 1153 se
1025 1112 1282 1168 obligantem
1303 1113 1425 1162 votis,

180 1199 214 1239 si
235 1206 396 1240 ceterae
416 1213 481 1239 res
508 1212 727 1252 prosperae
755 1196 1017 1244 evenissent3
1049 1203 1093 1237 et
1111 1198 1179 1237 43.
1203 1199 1257 1246 7.,
1291 1203 1428 1238 “cum

181 1283 258 1324 diis
279 1284 385 1324 bene
401 1281 682 1337 juvantibus”
715 1296 828 1321 arma
848 1295 992 1335 capere
1020 1279 1171 1323 milites
1187 1281 1429 1335 jubentem;

183 1368 298 1407 xxiv.
328 1371 390 1408 12.
416 1370 471 1415 4.,
496 1366 548 1406 ad
569 1365 706 1406 lacum
742 1364 897 1406 Averni
932 1364 1254 1412 sacrificantem3
1287 1364 1431 1406 xxviii.

183 1453 249 1492 46.
278 1452 359 1499 16„
393 1449 552 1490 Junoni
588 1449 785 1490 Laciniae
820 1464 931 1489 aram
964 1449 1224 1489 condentem.
1286 1447 1429 1496 Adde,

182 1535 295 1588 quod
327 1533 457 1574 tradit
481 1533 655 1581 Plinius,
692 1533 830 1573 deleto
867 1533 1056 1588 Sagunto
1099 1540 1240 1573 tamen
1274 1531 1430 1587 templo

184 1618 343 1658 Dianae
379 1617 436 1659 ibi
456 1617 656 1672 religione
689 1616 908 1657 inductum
936 1616 1180 1671 pepercisse.
1241 1616 1336 1656 Etsi
1361 1631 1431 1670 po-

183 1702 267 1742 tuit
286 1702 459 1742 fortasse
488 1700 657 1741 militari
679 1700 767 1741 viro
788 1701 899 1755 apud
929 1700 1113 1741 animum
1143 1715 1263 1741 suum
1294 1699 1432 1754 aliqua

184 1799 233 1824 ex
257 1792 373 1838 parte
405 1799 479 1839 pro
513 1783 711 1839 religione
744 1797 830 1824 esse
852 1783 894 1823 id
914 1797 1172 1837 persuasum,
1202 1782 1348 1837 utique
1368 1797 1429 1822 ro-

184 1869 317 1910 bustis
333 1868 566 1924 legionibus
580 1875 622 1909 et
635 1867 874 1923 disciplinae
889 1867 1071 1908 militum
1087 1875 1130 1909 et
1144 1868 1430 1923 imperatoriae

184 1952 432 2007 prudentiae
449 1967 531 1993 non
549 1952 677 1993 solere
694 1952 791 1993 deos
808 1952 961 1993 deesse.
1010 1951 1091 1994 Sed
1114 1952 1293 1993 militum
1309 1966 1431 1993 causa

184 2042 349 2076 tantum
370 2035 493 2076 dabat
513 2035 716 2090 religioni,
741 2042 944 2089 quantum
959 2049 1123 2077 necesse
1136 2043 1238 2077 erat.
1280 2035 1427 2082 Immo,

185 2118 217 2159 si
239 2118 340 2172 quid
361 2117 403 2158 in
425 2119 534 2159 bello
552 2118 713 2160 Punico
738 2118 947 2160 Hannibal
966 2120 1168 2174 peccavit,
1189 2120 1316 2160 nimia
1334 2119 1426 2160 reli-

229 2255 246 2270 *
271 2254 366 2284 Plane
389 2255 547 2293 religiosus
570 2256 656 2286 heros
678 2260 724 2286 est
747 2257 937 2293 Whitakero,
965 2260 984 2274 “
1001 2259 1064 2288 The
1092 2259 1204 2289 Course
1219 2259 1430 2298 ofHannibal

185 2321 253 2340 over
269 2311 317 2340 the
332 2311 450 2349 Alps‚'’
469 2312 529 2341 vol.
547 2313 576 2341 ii.
594 2322 643 2350 pp.
661 2315 722 2350 36„
742 2315 804 2350 76.‚
822 2315 893 2344 210.
939 2313 1144 2345 Conferendus
1161 2319 1205 2345 est
1227 2315 1264 2344 de
1285 2314 1427 2354 religione

186 2367 374 2397 Hannibalis
389 2367 479 2397 etiam
493 2369 620 2406 scriptor
636 2369 685 2398 ille
700 2370 893 2409 dramaticus,
910 2380 937 2408 p.
954 2372 1001 2401 68.
