1490 2588
413 230 587 268 CURAE
618 231 907 269 SECUNDAE.
1240 235 1286 268 33

84 338 140 376 iii.
160 342 222 375 49.
248 338 306 373 12.
322 335 376 372 At
395 334 557 372 alterum
570 335 685 372 habet
703 335 784 384 ipse
797 335 931 372 Livius
944 335 1163 384 exemplum
1179 335 1289 372 xxxi.

33 407 93 441 44.
115 407 164 448 3.,
189 407 214 424 “
226 414 294 440 neo
313 413 496 449 umquam
514 400 568 437 ibi
587 401 723 438 desunt
743 400 885 450 linquae
904 404 1072 450 promtae
1092 400 1229 438 ad—.’'

84 469 187 506 Ibid.
209 467 307 504 Vide
326 466 374 503 ad
391 465 446 502 ix.
468 469 503 502 4.
531 469 589 502 14.

82 546 118 571 v.
141 536 202 570 51.
224 536 257 569 5.
277 532 388 569 Adde
405 532 531 580 ipsum
549 531 633 568 Liv.
655 531 737 569 xxi.
760 534 820 568 21.
846 536 881 569 9.

83 602 144 635 54.
166 602 200 635 3.
230 596 573 648 (“oalamitatis'').
606 597 716 634 Adde
743 597 871 645 ipsum
898 597 980 634 Liv.
1008 597 1063 634 iii.
1088 601 1148 635 31.
1173 601 1220 641 6.‚
1251 611 1287 633 v.

34 668 95 701 54.
119 667 166 709 3.,
188 663 353 700 xxxviii.
376 666 436 699 60.
461 666 496 698 9.

82 753 133 756 —
155 751 203 756 ·—
224 733 258 766 6.
278 729 387 766 Adde
408 729 472 778 (de
491 728 638 776 dativo)
658 727 698 764 ii.
722 731 756 764 6.
782 732 816 764 8.
873 728 972 764 Vide
993 728 1107 765 etiam
1136 728 1233 765 Οὐκ.
1251 729 1288 764 [ἠ

35 796 140 833 Curt.
160 808 195 843 p.
219 798 279 832 34.

81 860 133 896 vi.
159 862 192 898 7.
219 863 251 896 1.
271 860 381 896 Adde
400 859 578 895 Emendcl.
600 859 668 896 alt.
688 871 725 907 p.
753 861 811 895 ll.

80 948 130 953 —
152 929 214 963 24.
237 928 296 962 10.
327 925 439 961 Adde
460 924 525 974 (ad
542 924 640 974 rem)
660 924 699 962 ii.
720 927 782 961 20.
808 927 867 961 10.

81 1015 133 1020 -—
153 994 213 1028 41.
235 994 270 1027 4.
289 990 386 1028 Vide
405 1002 507 1027 nuno
531 990 621 1028 Cur.
644 989 742 1027 seeo.
764 990 804 1027 in
827 989 1046 1027 Sallustium
1066 1003 1100 1039 p.
1121 993 1182 1026 60.

80 1056 161 1094 viii.
187 1059 220 1092 1.
243 1059 278 1093 4.
300 1055 502 1104 Partioipii
521 1055 676 1103 quidem
694 1055 805 1104 plura
823 1060 982 1104 possunt
997 1055 1086 1092 addi
1101 1056 1286 1104 exempla,

28 1122 80 1158 vi.
103 1125 165 1159 25.
190 1124 237 1167 1.‚
259 1121 324 1158 vii.
349 1125 408 1158 33.
433 1121 626 1166 l7.‚xxvi.
651 1123 708 1158 12.
733 1123 807 1165 17.,
828 1121 938 1157 xxix.
963 1122 1022 1159 17.-
1042 1123 1075 1158 7.
1133 1121 1195 1158 Ad
1210 1133 1289 1158 rem

30 1189 157 1225 autem
177 1187 314 1224 adhibe
334 1190 372 1224 et
390 1186 500 1232 illud,
522 1186 630 1224 xxiv.
663 1188 722 1226 17.
752 1190 797 1231 8.,
833 1191 856 1206 “
871 1187 987 1223 tacita
1008 1187 1123 1223 etiam
1153 1186 1285 1234 confes-

29 1252 126 1289 sione
144 1251 306 1289 victus?

82 1317 135 1353 ix.
162 1320 193 1354 1.
209 1321 242 1354 6.
257 1318 368 1354 Adde
389 1317 452 1366 (de
470 1317 629 1367 plurali)
648 1317 775 1366 ipsum
794 1317 878 1354 Liv.
900 1317 1009 1354 xxix.
1034 1320 1093 1354 18.
1118 1321 1168 1361 2.‚
1194 1322 1217 1338 ‘⁴
1232 1331 1289 1354 ex-

30 1385 149 1420 ternos
176 1382 300 1429 deos;''
330 1383 467 1420 xxxiv,
499 1387 533 1419 5.
568 1385 642 1427 10..
675 1383 773 1419 “dii
797 1382 928 1429 ποθὴ-’7
960 1395 1107 1419 necnon
1128 1383 1232 1420 Curt.
1255 1396 1288 1431 p.

32 1451 118 1485 365.
139 1448 185 1485 ed
203 1449 244 1485 Z.
264 1448 366 1496 apud
383 1461 452 1485 nos
476 1448 576 1486 Obss.
596 1461 633 1496 p.
657 1451 732 1493 28„
752 1448 819 1486 ubi
838 1449 936 1486 vide.

81 1535 131 1544 —
147 1515 185 1550 4.
207 1516 266 1551 14.
287 1513 374 1551 Vid.
390 1514 543 1562 Zumpt.
563 1514 610 1550 ad
626 1514 729 1551 Curt.
743 1527 779 1562 p.
801 1517 888 1551 380.
913 1514 944 1552 b.
981 1515 1092 1551 Adde
1111 1526 1224 1562 supra
1244 1514 1291 1550 ad

28 1577 80 1614 iv.
103 1582 162 1615 49.
187 1577 260 1615 12.—

83 1665 133 1669 —
149 1646 210 1680 37.
234 1646 268 1679 2.
290 1643 339 1679 In
358 1645 560 1691 utramque
579 1645 727 1692 partem
746 1645 877 1693 augeri
894 1647 1020 1693 potest
1033 1656 1214 1681 numerus
1226 1655 1289 1680 ex-

29 1709 251 1756 emplorum,
275 1710 314 1745 et
333 1708 496 1745 adhibiti
515 1709 813 1755 demonstrativi,
845 1710 1012 1747 xxxviii.
1036 1712 1095 1746 59.
1117 1711 1152 1744 3.
1174 1712 1211 1745 et
1242 1710 1287 1751 8.,

30 1778 67 1811 et
87 1773 227 1819 omissi,
249 1774 287 1811 ii.
311 1777 373 1811 30.
394 1776 441 1820 7.,
460 1774 513 1810 xl.
538 1777 599 1811 30.
623 1778 655 1811 1.

84 1840 166 1877 xxi.
188 1842 250 1876 33.
273 1843 308 1876 5.
328 1839 426 1877 Vide
444 1852 545 1877 nuno
572 1841 659 1877 Cur.
682 1841 777 1878 Seee.
799 1841 839 1877 m
860 1840 1084 1879 Sallustium
1104 1853 1138 1888 p.
1161 1842 1219 1875 33.

82 1926 133 1930 —
149 1907 208 1940 39.
231 1907 265 1940 8.
297 1904 351 1941 Cf.
373 1908 410 1941 et
429 1904 527 1941 illud
541 1905 621 1941 xlv.
642 1908 703 1942 39.
727 1907 774 1950 7.,
801 1911 824 1925 ·’·’
841 1906 999 1942 Perseus
1021 1935 1027 1941 .
1050 1934 1058 1942 .
1080 1934 1087 1942 .
1109 1934 1117 1949 ‚
1140 1904 1291 1954 Philip-

30 1982 102 2017 pus
130 1973 168 2005 et
196 1970 442 2006 Alexander.
464 1998 472 2006 .
495 1999 501 2006 .
526 1999 534 2015 ‚
558 1973 664 2007 tanta
683 1970 867 2007 nomina)⁷
925 1971 1082 2008 Necnon
1112 1972 1179 2009 Sil.
1201 1974 1287 2010 Ital.

29 2033 79 2070 iv.
119 2036 217 2079 729„
257 2034 406 2071 “Latio
437 2035 682 2083 lacrymabile
707 2048 831 2072 nomen
859 2036 1096 2082 Hannibal,'’
1125 2037 1191 2074 ubi
1210 2038 1289 2074 vid.

32 2099 193 2148 Rupert.

80 2186 131 2190 —
148 2167 209 2200 40.
233 2167 266 2201 6.
286 2165 396 2202 Adde
424 2178 545 2202 xxxv.
576 2168 637 2202 40.
663 2168 693 2202 1.
735 2166 922 2214 Obliquae
951 2170 1079 2204 autem
1107 2168 1288 2205 orationis

30 2229 142 2276 plura
159 2233 320 2278 possunt
338 2230 513 2276 conferri,
535 2230 585 2268 iv.
608 2232 668 2268 57.
690 2234 737 2276 3.,
760 2244 797 2268 v.
819 2234 880 2268 23.
906 2235 978 2278 12„
1001 2234 1113 2271 xxxi.
1136 2236 1199 2271 48.
1221 2237 1280 2270 10.

81 2296 142 2329 48.
167 2297 201 2331 9.
228 2295 333 2332 Fort.
357 2296 550 2343 sssayonem
570 2308 649 2332 emm
666 2296 854 2344 ffi'spanis
882 2298 1010 2335 mittit.

82 2359 176 2396 xxii.
199 2363 230 2396 2.
254 2363 288 2396 6.
311 2361 419 2398 Adde
443 2361 509 2398 Sil.
531 2362 620 2398 Ital.
638 2362 693 2398 xi.
717 2363 776 2400 79.
