1490 2588
146 197 194 231 20
417 187 839 230 EMENDATIONES
867 187 1132 225 LIVIANAE

198 299 223 322 ⁹⁵
240 297 399 334 Mallem
422 297 569 332 senatos
593 295 634 333 C.
660 291 884 330 obtrectatio.
941 291 998 329 Of.
1019 291 1117 340 Nep.
1138 291 1269 328 Hann.
1294 293 1327 327 1.
1350 293 1401 337 2.‚

147 367 172 384 “
189 363 259 401 Sed
281 362 489 399 multorum
508 358 720 397 obtrectatio
735 357 876 395 devicit
894 356 1010 394 unius
1022 356 1207 394 Virtutem
1219 355 1256 401 ;''
1276 355 1404 405 ipsum

144 428 229 465 Liv.
251 428 331 464 xlv.
351 430 412 463 35.
436 429 486 471 5.,
518 424 738 462 “Paullum
761 452 767 459 .
790 452 798 459 .
818 451 827 461 .
847 421 1060 460 obtrectatio
1078 420 1258 470 carpsit.''
1305 421 1404 460 Vide

145 506 259 542 supra
277 493 324 529 ad
343 492 393 529 iv.
416 495 450 528 6.
473 494 508 528 3.

201 612 258 616 —
278 610 333 616 —-
357 587 393 628 7.
430 590 458 609 “
472 583 634 639 magis*
656 587 865 625 moestum
886 581 1056 623 abisse.''

197 658 222 681 9⁵
241 657 358 693 Deest
382 655 488 692 codd.
513 654 646 692 multis
665 652 706 689 τὸ
726 653 854 702 maffz's.
908 652 939 689 F
943 654 1012 689 orta.
1033 651 1287 701 postpositum
1305 650 1401 698 fuit3

144 735 218 772 quo
237 722 279 758 in
298 721 375 759 situ
393 720 504 758 facile
521 722 669 769 poterat
688 719 874 757 excidere.

200 836 256 841 —
277 834 333 839 —
354 813 393 853 9.
427 813 454 834 “
468 808 521 849 ad
543 807 838 849 Trasimenum
859 811 928 848 et*
952 805 1157 849 Cannas.''

195 894 220 917 ⁹⁵
240 893 288 930 ad
310 893 350 931 G.
372 893 478 930 codd.
503 893 589 929 duo.
631 893 736 929 Fort.
757 892 805 928 ad
826 890 1006 936 Trebiam,
1028 891 1076 927 ad
1096 889 1148 936 1⁷.,
1172 891 1220 928 ad
1243 890 1282 928 O.
1317 891 1404 928 Etsi

143 958 259 995 etiam
280 958 381 994 infra
401 961 462 994 30.
488 960 546 994 12.
566 957 660 994 facit
678 957 813 994 Livius
831 956 1091 994 Hannibalem
1115 969 1278 1005 pugnae,
1307 969 1404 1005 quae

143 1023 191 1060 ad
228 1022 402 1060 Trebiam
437 1022 581 1059 flumen
621 1025 677 1059 est
713 1022 823 1068 facta,
861 1021 1049 1059 rationem
1084 1021 1232 1058 nullam
1262 1021 1404 1059 haben-

96 1106 99 1108 ·
141 1088 448 1130 temz-“Quod
478 1100 547 1135 ego
575 1088 634 1124 fui
663 1087 712 1124 (td
733 1087 996 1132 Trasimenum,
1030 1087 1078 1123 ad
1104 1085 1260 1133 Cannas,
1291 1087 1332 1124 id
1357 1088 1403 1124 tu

141 1153 254 1191 hodie
281 1153 371 1199 es;⁷'
402 1153 477 1190 nisi
504 1153 601 1190 forte
620 1152 762 1190 iterum
789 1154 847 1190 est
865 1153 1014 1190 lacuna.
1069 1151 1126 1190 Cf.
1145 1151 1261 1189 etiam
1286 1151 1400 1189 xxiii.

143 1222 205 1256 48.
229 1223 261 1256 8.

198 1310 312 1351 xxxi.
339 1312 375 1354 7.
397 1312 438 1350 5.
472 1316 646 1365 “quum
667 1310 830 1352 hostem
858 1308 1170 1352 Hannibalem*
1203 1310 1246 1351 in
1278 1309 1404 1352 Italia

141 1379 423 1422 haberemus.'’

193 1465 217 1488 ⁹⁵
229 1463 387 1501 Licebat
403 1477 577 1513 z——quum
596 1464 728 1501 hostem
741 1465 780 1501 in
792 1465 823 1501 I
818 1464 924 1510 talia,
944 1471 973 1502 et
992 1464 1240 1503 Hannibalem
1251 1465 1399 1509 hostem,

141 1529 357 1567 haberemus.
415 1529 513 1566 Vide
532 1530 580 1566 ad
599 1529 737 1566 xxviii.
762 1533 822 1567 39.
845 1533 879 1567 3.

198 1648 253 1654 —-
275 1624 342 1664 49.
366 1626 404 1667 9.
429 1629 456 1648 “
474 1629 521 1664 ut
542 1623 714 1673 nullius,
740 1624 819 1665 nisi
844 1657 850 1664 .
876 1657 882 1664 .
909 1657 915 1663 .
942 1655 952 1673 ,
977 1625 1117 1667 haud*
1141 1640 1302 1676 eorum,
1326 1627 1400 1682 qui

145 1728 151 1734 .
179 1727 187 1735 .
211 1726 218 1733 .
243 1724 254 1743 ‚
277 1695 407 1735 verba
428 1693 629 1735 audiret.‘'

193 1766 217 1789 ⁹⁵
229 1765 324 1802 Delo
343 1765 509 1814 negandi
527 1765 754 1814 particulam
773 1769 811 1803 et
826 1766 947 1815 junge
966 1765 1105 1804 nullius
1122 1780 1254 1805 eorum.

197 1858 334 1899 xxxii.
367 1860 404 1898 4.
438 1859 476 1899 6.
511 1865 540 1885 ‘⁶
558 1858 653 1901 Hae
674 1858 958 1909 difficultates,
986 1892 994 1901 .
1021 1890 1030 1900 .
1055 1890 1065 1901 .
1087 1866 1136 1902 ut
1166 1861 1398 1910 absisteret,

141 1927 309 1983 incepto
332 1928 600 1984 Philippus,*
623 1929 887 1971 effecerunt.”

193 2013 218 2036 9(-
232 2012 411 2061 Suspicor
425 2016 533 2050 :—ut
552 2013 743 2051 absisteret
763 2013 916 2061 incepto,
948 2014 1171 2064 Philippum
1199 2016 1397 2066 ffeoertmt.

141 2076 240 2115 Vide
260 2078 308 2114 ad
326 2077 396 2114 vii.
417 2081 472 2114 19.
496 2082 529 2114 4.

197 2194 254 2199 —
273 2170 335 2211 13.
358 2172 418 2210 10.
445 2176 472 2196 ‘⁴
486 2171 631 2213 audito
647 2172 818 2227 proelio,
838 2174 952 2227 quod
977 2205 986 2214 .
1011 2207 1018 2214 .
1044 2207 1050 2215 .
1073 2175 1257 2217 factum*
1273 2175 1399 2218 erat.'’

195 2254 219 2278 ἦ
235 2253 414 2302 Suspicor
443 2259 664 2304 pzcynatum.
736 2257 793 2295 Of.
832 2258 974 2295 xxxiii.
1012 2261 1070 2298 17.
1113 2261 1186 2303 15.,
1224 2264 1248 2280 “
1268 2261 1398 2298 audito
1442 2280 1446 2283 -

137 2318 287 2367 proelio,
310 2319 412 2368 quod
430 2348 437 2356 .
461 2348 468 2357 .
492 2349 498 2357 .
514 2325 722 2371 puqnatum
742 2323 862 2360 erat.”
916 2324 1014 2362 Vide
1034 2324 1082 2362 ad
1099 2325 1198 2363 xxii.
1218 2327 1281 2363 21.
1299 2326 1333 2364 7.
