1490 2588
489 589 1057 639 POSTSORIPTUM.

653 727 905 748 —4—

152 840 183 882 J
188 854 249 881 AM
281 840 434 895 scripta
467 840 600 895 prima
635 840 804 895 quidem
834 840 967 882 forma
1005 838 1398 895 disputatiunculae,

153 924 253 964 dum
288 923 395 965 forte
426 923 663 979 catalogum
695 924 918 979 quemdam
957 923 1158 966 librorum
1193 922 1400 965 venalium

152 1007 261 1062 lego,
303 1021 396 1048 ecce
434 1007 478 1048 in
517 1007 659 1049 oculos
694 1022 808 1050 meos
842 1007 1017 1049 incurrit
1051 1006 1264 1063 inscriptio
1297 1006 1402 1048 haec

151 1090 248 1132 libri
265 1097 365 1132 :-—“
392 1092 480 1132 lee
509 1092 756 1147 Campaiqns
785 1092 833 1147 of
848 1093 1069 1133 Hannibal
1091 1093 1304 1147 arranyed
1321 1092 1405 1131 and

151 1175 355 1230 critically
364 1177 607 1226 considered,
625 1177 839 1231 byLz'eut.-
848 1177 932 1218 Col.
943 1177 996 1218 P.
1007 1174 1059 1217 L.
1069 1174 1400 1231 MacDouyalH’

153 1259 286 1300 Lond.
313 1261 436 1301 1858.
498 1260 595 1313 Quo
615 1267 785 1316 accepto
806 1260 927 1310 libro,
960 1275 1212 1315 magnopere
1232 1264 1402 1315 gavisus

153 1357 259 1392 sum,
284 1358 414 1397 quum
440 1343 623 1385 viderem
651 1344 808 1386 socium
838 1359 904 1385 me
937 1344 1188 1386 defensionis
1215 1344 1275 1386 rei
1295 1343 1402 1384 mili-

153 1426 251 1468 taris
286 1426 581 1482 peritissimum
612 1428 748 1469 virum
782 1428 948 1470 habere.
1008 1428 1102 1470 Nec
1131 1435 1270 1470 tamen
1300 1428 1403 1469 mihi

153 1514 337 1568 persuasi
356 1513 478 1569 plane
497 1520 638 1556 actum
658 1529 725 1556 me
745 1514 878 1570 egisse
900 1521 942 1556 et
954 1514 1107 1556 frustra
1127 1529 1291 1570 operam
1313 1529 1406 1570 per-

154 1596 318 1639 didisse.
354 1597 450 1639 Etsi
462 1597 610 1639 lubens
624 1613 804 1654 agnosco
816 1614 840 1640 a
852 1598 942 1640 Viro
958 1598 1128 1640 militari
1141 1598 1401 1640 admonitum

152 1680 352 1722 nonnulla
372 1695 438 1722 me
458 1687 718 1731 retractasse,
741 1681 963 1731 addidisse,
987 1681 1184 1724 omisisse.
1235 1681 1307 1732 Et,
1330 1681 1403 1736 qui

151 1770 376 1818 utramque
396 1764 638 1807 adhibuerit
659 1765 958 1816 defensionem,
984 1765 1034 1813 ei,
1056 1773 1105 1807 ut
1126 1780 1260 1820 spero,
1282 1765 1402 1807 facile

154 1848 488 1901 persuadebitur,
518 1849 623 1889 nihil
654 1849 809 1899 deesse,
835 1864 918 1903 quo
939 1848 1077 1889 minus
1107 1848 1274 1891 abunde
1295 1864 1404 1890 sum-

155 1945 246 1971 mus
267 1930 492 1986 imperator
510 1932 806 1987 cumulateque
826 1931 1021 1974 defensus
1042 1932 1242 1974 discedat.

212 2190 390 2232 Interim
410 2190 542 2232 libelli
562 2190 674 2232 illius
698 2190 866 2241 Gallici,
885 2191 938 2232 de
959 2205 1043 2246 quo
1064 2191 1216 2233 iterum
1242 2192 1407 2233 Hanni-

159 2273 286 2314 balem
307 2289 445 2316 meum
466 2275 662 2316 emittens
684 2289 774 2316 sero
795 2288 1048 2329 acceperam,
1078 2276 1405 2316 Considerations

156 2372 225 2397 sur
258 2358 438 2401 Annibal
468 2358 587 2413 apre‘s
623 2359 661 2398 ῖα
698 2359 880 2400 Bataille
915 2360 962 2398 de
1006 2357 1163 2399 Cannes
1207 2357 1405 2411 (Oeuores
