1490 2588
175 160 223 193 26
591 157 1009 199 EMENDATIONES

171 263 250 305 liae
280 263 483 305 inlaturos
507 262 648 313 fuisse,
680 268 813 318 quae*
843 262 1094 308 Hannibalis
1115 266 1246 309 ductu
1274 267 1423 310 intule-

171 336 304 375 1·unt.''

222 422 246 444 ἢ
266 420 332 469 qui
348 419 455 457 codd.
474 419 612 468 plures.
659 419 762 457 Fort.
786 420 870 470 qut).

227 547 284 550 —
302 546 359 550 —
380 524 418 560 4.
445 526 473 544 ‘⁶
491 535 598 575 quae
622 552 629 559 .
655 553 661 559 .
688 553 694 559 .
716 520 811 576 plus
833 536 961 576 quam
982 521 1194 565 modicae*
1217 523 1372 565 erant.’'

220 621 244 644 ⁷¹4
263 619 471 656 inmodicae
490 619 581 657 Lov.
600 621 644 665 1.,
665 619 750 657 fort.
771 632 880 657 vere:
903 620 950 657 cf.
965 619 1032 656 inf.
1054 624 1088 657 4.
1104 623 1151 666 9.,
1177 620 1296 670 “plus
1314 634 1420 671 quam

168 685 313 723 Punica
326 684 362 730 ;’'
384 684 493 721 xxix.
520 686 577 723 17.
601 688 647 731 8.,
668 684 789 733 “plus
808 698 913 735 quam
932 685 1123 724 hostilia.’'

229 811 279 816 —
306 790 368 828 15.
397 789 430 827 l.
455 785 651 841 “captivi
672 785 856 827 militum
875 787 1028 842 praeda
1051 786 1287 829 fuerant*.''

218 873 242 895 *X*
261 871 364 908 Fort.
385 871 518 919 fuerat
533 884 544 905 :
566 870 612 907 cf.
641 870 765 909 xxxii.
790 874 848 909 13.
869 874 920 917 6.,
951 875 976 892 “
992 874 1113 909 cetera
1131 871 1266 909 mffltis
1283 872 1422 921 praeda

170 936 285 974 eratj’
315 936 402 973 Vid.
424 937 608 984 Krucger.
630 935 649 987 ἓ
671 939 730 974 25.

224 1064 279 1070 --
302 1040 369 1079 33.
396 1040 436 1077 5.
465 1036 687 1091 “plusque
714 1036 824 1078 inter
851 1036 977 1092 ipsos,
1009 1037 1087 1079 sibi
1109 1038 1304 1093 quoque*
1330 1044 1421 1080 ten-

171 1108 308 1155 dente,
335 1140 341 1146 .
368 1141 374 1147 .
402 1140 408 1146 .
431 1106 669 1149 certaminis
690 1107 812 1148 erat.''

216 1193 330 1244 ''fisibz'
347 1193 496 1242 quisque
514 1192 674 1229 intentus
688 1191 767 1228 Pal.
789 1194 823 1229 2.
862 1191 965 1228 Fort.
984 1190 1057 1228 siba·
1074 1191 1222 1241 quisque
1234 1192 1419 1230 tendentes.

165 1260 220 1296 (¹f.
238 1259 344 1296 xxvi.
363 1262 424 1295 29.
442 1262 490 1302 3.,
506 1257 644 1294 xxxix.
665 1260 722 1294 14.
745 1261 780 1295 4.
809 1257 907 1294 Vide
918 1270 1009 1294 mox
1023 1256 1071 1294 ad
1084 1257 1237 1295 Sallust.
1257 1257 1342 1308 Juy.
1363 1261 1419 1296 18.

221 1385 277 1390 —
297 1384 353 1389 —
378 1362 441 1400 ll.
469 1364 496 1383 “
511 1357 721 1400 montanis
736 1357 897 1413 primo*
919 1357 1153 1413 perculsis.'’

216 1447 239 1469 '⁵¹²
264 1445 371 1494 Conj.
393 1445 555 1483 Gronov.
562 1442 707 1493 proelio
725 1455 793 1492 pro
806 1443 937 1491 primo.
990 1442 1147 1479 Mallem
1171 1441 1259 1479 addi
1265 1441 1419 1491 proelio,

165 1511 323 1548 retineri
335 1511 471 1559 primo.

218 1638 275 1643 ——-
296 1615 363 1655 39.
387 1614 426 1652 4.
453 1616 480 1636 ‘⁶
495 1609 593 1665 quia
613 1609 818 1652 volentis*
849 1608 892 1649 in
923 1607 1148 1650 amicitiam
1170 1622 1253 1649 non
1279 1606 1419 1648 venie-

162 1683 296 1724 bant.’'

215 1786 237 1807 ³}
258 1772 400 1820 ejusque
418 1768 572 1807 nolentis
592 1769 629 1806 in
651 1781 684 1806 α.
710 1768 830 1805 venire
847 1767 939 1805 Lov.
966 1771 1000 1803 4.
1052 1766 1084 1803 F
1087 1769 1156 1803 ort.
1175 1765 1261 1815 quia
1280 1765 1419 1804 volenti

163 1838 203 1873 2⁴72·
231 1850 262 1874 a.
282 1837 402 1874 venire
426 1849 497 1873 non
523 1837 614 1873 erat.
672 1833 729 1872 Cf.
755 1833 822 1871 inf.
852 1835 911 1870 50.
940 1835 1011 1878 10.⁷
1040 1832 1195 1870 Sallust.
1219 1831 1305 1881 Juq.
1335 1834 1412 1878 84„

160 1903 226 1940 ubi
245 1902 342 1939 vide.

215 2028 271 2033 —
289 2029 342 2035 ———
359 2006 398 2045 8.
420 2008 448 2028 “
464 2001 578 2043 Nam
598 1999 876 2042 Hannibalis*
890 2006 933 2041 et
948 1999 1060 2055 apud
1083 1999 1292 2040 Romanos
1320 2030 1326 2037 .
1347 2030 1353 2037 .
1399 2030 1408 2048 ‚

158 2081 202 2116 et
225 2072 461 2128 Scipionem
484 2071 794 2114 Hannibal—.''

206 2169 231 2191 ἐῶ
249 2167 338 2204 Non
355 2166 451 2203 mihi
470 2165 697 2215 displiceret,
718 2164 751 2202 si
769 2164 848 2202 cod.
867 2163 1005 2213 aliquis
1023 2164 1150 2201 daret:
1179 2163 1281 2199 Nam
1298 2161 1406 2199 Han-

157 2232 261 2270 nibal
278 2262 286 2270 .
311 2261 318 2269 .
341 2261 349 2268 .
371 2231 635 2269 celeberr-imma
654 2244 778 2268 nomen
805 2233 894 2268 erat.
939 2229 1028 2267 Vid.
1050 2241 1174 2266 nomen
1195 2231 1219 2247 “
1233 2230 1406 2276 metony-

155 2297 276 2336 mice'’
310 2297 412 2347 apud
435 2297 713 2343 Forcelh'num3
744 2296 839 2334 adde
863 2308 977 2344 supra
1001 2295 1049 2332 ad
1072 2293 1097 2331 i.
1119 2296 1177 2330 10.
1198 2295 1231 2330 1.
1286 2292 1344 2330 De
1369 2295 1404 2329 et

157 2366 284 2401 autem
313 2362 468 2412 copulae
495 2362 573 2400 situ
602 2362 750 2411 (mallet
769 2361 855 2412 quis
876 2360 973 2399 Nam
994 2363 1028 2398 et
1054 2357 1298 2408 Hannibalis)
1315 2357 1404 2396 vide
