1490 2588
522 193 796 231 LIVIANAE.
1248 193 1263 227 Ξ
1274 194 1289 227 1

98 324 149 330 -
169 302 239 342 48.
264 300 302 339 4.
337 303 364 324 “
380 297 454 339 Fit
474 297 575 355 fuga
594 298 705 354 regis
726 296 1013 352 adparitorum
1028 302 1155 351 atque
1168 296 1295 338 comi-

36 376 140 411 tum.
201 369 300 425 Ipse
320 384 449 425 prope
470 370 708 424 exsanguiS‚
741 383 873 423 quum
894 366 1151 410 semianimi*
1178 365 1295 423 regio

36 441 239 484 comitatu
260 441 433 483 domum
455 456 497 483 se
517 441 722 496 reciperet
744 472 751 479 .
778 473 784 480 .
810 472 819 480 .
841 438 1133 481 interficitur.”

89 528 113 552 κ
134 526 364 576 Oorruptum
382 539 460 564 esse
479 527 561 571 hoe,
588 525 629 562 in
648 528 776 574 aperto
796 527 863 562 est.
912 524 1075 574 Conjicit
1093 523 1298 562 Walkerus

35 605 147 642 quum
166 593 200 629 δέ
218 592 365 629 minime
383 592 545 641 reqio—.
589 591 745 628 Mallem
764 603 832 638 ego
851 603 960 640 quum
971 590 1076 627 misso
1089 589 1188 626 omm'
1200 588 1298 638 reyio

37 657 222 695 comitatu.
278 658 390 704 Nam,
420 657 522 707 quod
554 656 699 693 dictum
729 659 797 702 est,
828 655 870 693 in
897 655 938 693 vi
971 669 993 693 a
1021 654 1229 704 Tarquinio
1257 654 1300 690 in

36 736 165 772 regem
182 724 302 769 illata,
332 724 463 772 fugam
481 722 581 771 regis
600 722 782 759 comitum
801 721 940 759 factam
959 734 1048 767 esse,
1079 723 1203 769 potest
1230 720 1300 756 hoc

38 790 85 828 de
102 790 271 827 maxima
287 792 394 839 parte
412 789 600 837 intelligi3
632 791 681 834 et,
713 789 746 825 si
777 788 930 826 omnino
962 788 1008 824 de
1038 786 1212 823 omnibus
1242 785 1299 822 in-

36 855 287 905 telligendum
315 858 382 901 est,
412 858 539 893 tamen
567 854 665 891 nihil
694 855 829 900 obstat,
861 867 935 903 quo
966 853 1094 890 minus
1124 851 1301 890 credibile

35 921 98 967 sit,
128 921 275 970 aliquos
292 924 423 970 postea
439 921 582 970 pudore
600 922 793 957 revocatos
810 920 976 957 rediisse.
1034 918 1152 956 Misso
1172 922 1300 955 autem

36 987 140 1024 omni
158 987 264 1036 regio
283 986 478 1033 comitatu,
509 986 653 1036 opinor,
685 985 851 1035 speravit
878 984 933 1022 ita
960 984 1111 1022 facilius
1138 997 1245 1033 posse
1264 997 1302 1021 se

38 1065 274 1102 percussores
291 1052 434 1089 fallere.
492 1051 549 1090 Cf.
568 1051 648 1089 viii.
671 1054 732 1089 30.
757 1054 831 1097 11„
860 1054 883 1071 ‘'‘
896 1051 1002 1088 misso
1024 1054 1178 1100 repente
1197 1063 1302 1087 sena—

1004 1116 1012 1132 2

38 1122 83 1156 tu
97 1117 134 1164 ;''
164 1119 246 1156 xxi.
269 1121 331 1155 54.
354 1121 403 1164 3.‚
438 1121 462 1139 “
476 1118 540 1155 Ita
557 1117 790 1167 praetorium
809 1117 959 1154 ‘missum
973 1117 997 1164 ;'
1037 1116 1145 1153 xxvi.
1170 1119 1229 1152 14.
1251 1119 1300 1161 4.,

43 1185 185 1222 “misso
206 1184 431 1231 convivi0;''
462 1187 501 1222 et
521 1187 582 1221 36.
608 1186 680 1229 11„
711 1197 807 1220 XXX.
832 1184 891 1221 17.
914 1185 963 1228 3.,
1000 1186 1022 1202 “
1039 1181 1213 1219 senatu.''

97 1289 152 1295 —-
184 1266 256 1305 58.
289 1267 327 1307 9.
361 1268 462 1311 “et,
494 1262 606 1304 unde
649 1261 868 1304 consilium
907 1260 1103 1310 afuerit?¹÷
1137 1259 1304 1315 culpam

39 1334 218 1376 abesse.'’

94 1420 119 1443 '¹‘-
136 1419 242 1455 Fort.
263 1419 356 1455 unde
376 1417 563 1455 eonsilium
582 1419 723 1467 afuerit
742 1417 878 1466 eulpae,
911 1416 1055 1466 eulpam
1074 1416 1197 1454 abesse.

98 1497 140 1538 ii.
163 1498 201 1536 4.
222 1501 263 1539 5.
297 1503 324 1522 “
342 1512 440 1538 nam
472 1512 619 1552 quum,
661 1497 796 1552 pridie
831 1511 958 1551 quam
991 1495 1124 1551 legati
1147 1528 1154 1535 .
1179 1527 1186 1535 .
1209 1508 1305 1550 pro-

42 1567 342 1617 ficiscerentur,
374 1567 443 1609 effi÷
476 1575 699 1610 coenatum
731 1568 840 1610 forte
873 1567 987 1623 apud
1008 1566 1210 1610 Vitellios
1242 1580 1305 1608 es-

43 1638 221 1688 set,--.''

93 1724 119 1747 ⁹¹²
137 1723 255 1760 Recte
283 1723 457 1772 copulam
484 1725 517 1759 et
545 1724 720 1760 censebat
744 1723 923 1760 Dukerus
942 1722 1165 1771 impeditam
1183 1722 1305 1759 facere

43 1788 260 1827 orationem.
313 1788 503 1838 Equidem
522 1789 691 1838 suspicor
709 1788 762 1826 sic
782 1802 804 1826 a
821 1788 930 1826 Livio
949 1788 1162 1837 profectum
1179 1788 1306 1825 locum

44 1867 134 1900 esse,
174 1856 219 1891 ut
253 1854 462 1903 postposita
497 1854 614 1892 fuerit
649 1867 759 1904 quum
793 1854 1006 1904 particula:
1047 1867 1144 1899 nam,
1177 1853 1307 1902 pridie

46 1931 152 1968 quam
182 1949 189 1956 .
214 1948 221 1955 .
245 1949 253 1956 .
276 1920 606 1969 prcfieiseerentur,
649 1933 760 1970 quum
796 1923 1028 1958 eoenatum-
1044 1934 1058 1961 ,·
1092 1919 1228 1956 deinde
1264 1918 1306 1955 in

47 1984 174 2022 codice
192 1985 319 2034 aliquo
336 1985 393 2022 bis
412 1986 552 2035 scripta
573 1999 692 2035 quum
711 1986 931 2031 exstitisset,
960 1986 1002 2022 in
1021 1985 1138 2022 altero
1157 1985 1238 2022 loco
1257 1998 1305 2022 ex

47 2050 267 2099 compendio
286 2064 308 2100 q
326 2051 500 2099 copulam
518 2052 658 2090 factam
678 2065 757 2090 esse
775 2055 821 2089 et.
878 2051 966 2089 Vid.
987 2051 1138 2090 Cortius
1157 2051 1202 2088 ad
1224 2051 1304 2089 Sa]-

46 2115 135 2154 lust.
161 2117 242 2154 Cat.
264 2119 326 2154 43.
348 2119 380 2153 1.

105 2194 215 2236 Ibid.
241 2200 269 2220 ‘⁶
286 2209 519 2236 sermonem
538 2210 682 2237 eorum
696 2211 748 2237 ex
763 2195 892 2238 servis
908 2210 1017 2238 unus
1029 2195 1208 2251 excepit,
1232 2196 1306 2249 qui

40 2265 130 2318 jam
150 2272 274 2306 antea
292 2264 362 2305 id*
385 2272 569 2307 senserat
590 2266 697 2322 agi.”

100 2345 126 2369 ⁹⁵
145 2344 365 2387 Quidnam?
384 2359 432 2383 an
445 2358 584 2383 novum
602 2346 803 2384 consilium
816 2344 835 2383 ⁸?
867 2345 947 2386 Vix
959 2345 1157 2385 credibile.
1197 2346 1301 2383 Fort.

48 2410 202 2459 quijam
221 2414 304 2449 ante
322 2411 430 2449 aliud
446 2414 604 2451 senserat
623 2412 686 2462 aqi
695 2427 710 2455 ;
736 2425 874 2462 nempe
901 2426 942 2451 ae
970 2426 1060 2462 prae
1091 2425 1130 2450 se
1148 2412 1301 2450 ferrent.
