1490 2588
169 151 217 184 32
586 149 1005 187 EMENDATIONES

224 277 280 282 ——
298 256 369 294 58.
397 256 429 293 l.
463 258 490 277 ‘⁶
507 252 677 294 victoris
701 252 834 309 magis
854 267 980 307 quam
1003 253 1185 296 bellum*
1208 255 1420 310 gerentis*

166 321 355 364 intentus
376 322 522 364 curis.”

218 408 243 431 *Y*
263 406 440 455 Suspicor
466 406 679 443 Ennianam
707 420 836 444 vocem
866 407 1018 444 subesse
1050 407 1308 457 belligeranti&
1365 409 1422 447 Cf.

163 473 355 521 praeclara
373 472 441 509 illa
458 472 597 521 Pyrrhi
614 476 707 509 :—“
723 472 803 509 Nec
822 472 875 508 mi
894 485 1030 509 aurum
1047 486 1157 521 posco
1175 486 1243 511 noc
1256 474 1423 523 pretium

165 538 365 584 dederitis;
396 538 433 575 N
436 551 476 575 cc
506 541 764 586 cauponantes
778 538 923 575 bellum
938 539 1001 575 sed
1022 538 1271 588 bellessqerantes
1290 540 1418 586 Ferro,

164 616 239 640 non
267 616 356 640 auro
385 603 504 640 vitam
532 617 728 640 cernamus
755 603 947 652 utrique.’'
1003 604 1059 641 Eo
1078 605 1198 653 magis
1217 606 1318 654 quod
1339 606 1421 655 jam

163 682 254 706 usus
269 672 326 707 est
340 669 473 706 Lim‘us
488 669 569 706 xxi.
586 672 644 708 16.
660 673 709 715 4.,
735 673 759 690 “
773 682 858 706 cum
871 669 991 707 Gallis
1006 670 1282 708 tumultuatum
1294 671 1421 708 verius

163 748 278 784 quam
299 734 584 784 bc³lleye7·at252)e.''

218 851 269 856 -—
292 829 358 869 60.
388 830 448 870 19.
482 834 659 882 “neque
679 827 730 869 iis
751 827 1054 883 quadraginta*
1084 827 1214 870 millia
1233 828 1419 870 hostium

163 897 402 939 obstitere.”

213 983 237 1005 ²²⁴²
258 982 495 1030 chuenclam
515 982 667 1031 putavit
695 982 812 1018 Drak.
844 982 1099 1031 conjecturam
1127 982 1307 1020 Sabeffiei
1329 996 1417 1033 qua·

161 1047 335 1097 draffl'nta
352 1061 419 1096 pro
438 1051 609 1084 sexcenta.
657 1047 773 1089 Quasi
788 1060 863 1084 non
878 1061 991 1096 supra
1006 1045 1025 1096 ἓ
1042 1050 1074 1084 9.
1091 1050 1129 1085 et
1146 1050 1205 1084 10.
1219 1047 1262 1084 in
1276 1061 1318 1085 eo
1333 1061 1416 1086 ver-

161 1116 265 1150 setur
292 1119 415 1150 orator
441 1119 578 1159 noster,
602 1116 646 1150 ut
664 1113 824 1161 captivis
843 1114 1055 1161 exprobret,
1086 1113 1193 1150 fessis
1211 1115 1416 1162 pugnando

159 1179 330 1216 hostibus
350 1182 387 1216 et
405 1178 596 1227 plerisque
615 1178 793 1226 regressis
810 1179 852 1216 in
871 1183 991 1216 castra
1007 1192 1083 1224 sua,
1105 1182 1215 1216 nocte
1230 1180 1277 1216 ad
1291 1193 1414 1217 erum-

158 1246 325 1294 pendum
343 1245 463 1282 libera
478 1245 566 1281 data
580 1244 638 1281 uti
655 1244 832 1281 noluisse.
879 1245 960 1292 Ego
979 1257 1117 1293 repono
1135 1245 1249 1282 decem
1267 1246 1388 1284 mill-ia
1397 1263 1413 1294 ,-

159 1323 281 1360 neque
300 1310 506 1347 verisimile
525 1311 675 1347 videtur
693 1311 827 1359 majori
846 1311 946 1359 parti
965 1311 1156 1359 copiarum
1184 1312 1414 1350 Hannibalis

159 1389 287 1414 curam
307 1380 535 1413 nocturnum
554 1376 784 1425 praesidium
804 1377 904 1425 apud
923 1377 1015 1413 istos
1032 1377 1216 1425 fugitivos
1243 1379 1413 1427 agitandi

158 1455 237 1479 esse
271 1443 499 1479 mandatam.
556 1442 659 1479 Fieri
696 1447 823 1478 autem
858 1442 993 1490 potuit,
1028 1446 1084 1488 ut,
1114 1442 1155 1479 in
1191 1444 1412 1492 compendio

157 1508 374 1557 hujusmodi
393 1491 468 1544 [ἴε-ἧι
489 1508 663 1556 absorpta
680 1507 791 1544 litera
810 1521 843 1544 m
862 1511 948 1544 anto
967 1507 1098 1554 millia,
1112 1506 1115 1509 ’
1129 1508 1297 1558 reliquae
1316 1510 1413 1548 duae

156 1587 223 1623 pro
242 1578 332 1611 nota
350 1573 546 1619 numerali,
569 1586 665 1622 quae
684 1577 861 1609 sexcenta
875 1573 1116 1621 significaret,
1137 1575 1408 1624 acciperentur,

157 1653 274 1688 eoque
302 1639 453 1676 facilius
480 1639 581 1688 quod
607 1639 687 1687 ipse
713 1651 894 1675 numerus
921 1639 983 1676 hic
996 1640 1078 1689 jam
1095 1639 1137 1677 in
1156 1641 1411 1689 superioribus

157 1705 275 1742 ades‘c.

212 1817 268 1822 —
290 1793 359 1833 61.
385 1794 533 1832 10—13.
560 1797 587 1816 ‘⁶
601 1790 732 1845 major
748 1805 795 1832 ea
811 1790 973 1832 clades*
990 1791 1270 1846 superioribus
1284 1793 1412 1836 cladi-

155 1862 260 1905 bus*
285 1896 292 1902 .
317 1895 324 1902 .
349 1894 357 1902 .
419 1861 513 1903 Nec
535 1868 673 1903 tamen
694 1861 771 1903 hae
791 1861 956 1903 clades*
987 1862 1324 1918 defectionesque
1345 1879 1412 1906 so-

155 1933 314 1975 ciorum
348 1939 573 1975 moverunt
601 1965 608 1972 .
644 1964 653 1972 .
688 1965 696 1973 .
732 1939 926 1988 acceptae
960 1933 1114 1975 cladis*
1153 1964 1163 1974 .
1199 1964 1210 1975 .
1245 1965 1256 1975 .
1292 1941 1410 1977 tauta

154 2004 394 2046 clade*—.”

207 2091 274 2116 ⁷³²——
284 2089 543 2116 ⁷³—7'ss—43—'l'
570 2088 724 2126 Nimius
740 2088 893 2125 videtur
909 2088 1073 2126 hocloco
1087 2088 1220 2126 Livius
1233 2088 1275 2125 in
1289 2089 1408 2127 nomi-

153 2168 200 2192 ne
219 2155 321 2204 quod
339 2156 396 2190 est
415 2153 529 2190 clades
547 2153 784 2191 inculcando.
830 2155 888 2191 Ac
906 2154 1059 2192 mallem
1075 2168 1083 2192 :
1110 2153 1188 2191 Neo
1207 2157 1325 2191 tamen
1343 2155 1408 2192 hae

152 2219 413 2268 desperationes
426 2219 701 2269 defectionesque
713 2219 949 2257 soez'orum—.
980 2220 1102 2269 Supra
1112 2219 1262 2257 Livius:
1288 2224 1313 2242 “
1325 2224 1408 2258 tum

152 2286 279 2323 labare
298 2288 511 2334 coeperunt,
537 2314 543 2321 .
568 2315 576 2321 .
599 2315 606 2322 .
629 2286 730 2334 quod
749 2286 1022 2334 desperaverant
1035 2286 1080 2323 de
1094 2284 1292 2335 imperio.’'
1320 2285 1407 2323 Etsi

153 2352 198 2389 de
216 2350 442 2401 repetitione
461 2351 537 2388 vid.
558 2351 675 2389 Drak.
696 2352 744 2390 ad
761 2352 787 2390 i.
810 2355 844 2389 3.
867 2355 902 2389 9.
