1490 2588
139 244 189 277 24
412 232 835 275 EMENDATIONES
862 233 1126 271 LIVIANAE

137 344 241 381 Fort.
274 339 619 379 Dahas-Nomadas.
676 337 765 375 Vid.
802 337 1081 385 Snakenburgh
1109 336 1152 374 in
1184 336 1319 374 Indice
1351 337 1399 374 ad

140 408 327 446 Curtium.

196 484 343 525 xxxvi.
367 486 404 524 4.
427 483 468 524 6.
491 488 514 505 “
533 488 577 523 et
597 480 772 522 classem
803 484 1000 521 suorum*
1025 494 1100 521 suo
1123 485 1267 521 sumtu
1287 493 1400 522 com-

138 553 394 610 paraturos.²'

191 640 216 663 ⁷¹⁵
230 638 333 675 Fort.
354 638 513 685 ipsorum
542 647 615 671 seco.
674 634 761 672 Vid.
781 633 896 671 Drak.
918 634 965 670 ad
984 633 1050 670 vii.
1072 635 1134 670 40.
1157 635 1193 674 9.

197 756 253 761 —
268 731 307 774 7.
328 731 393 771 17.
411 734 431 752 “
443 728 500 769 sio
513 727 634 768 nimis
649 726 772 768 multi
785 741 859 781 pro
872 725 1039 780 inopia*
1054 719 1400 767 commeatuum;''

192 815 217 838 ἢ
235 813 389 851 Mallem
409 812 522 860 copia,
542 811 750 860 positivum
777 823 843 859 pro
871 809 1048 858 negativo
1068 823 1076 846 ε
1110 809 1197 847 vide
1219 809 1396 846 Emendd.

140 879 253 928 prior.
283 892 320 928 p.
343 881 416 923 20.‚
458 877 532 915 GC.
557 875 632 914 SS.
662 876 702 912 in
725 874 950 913 Sallustium
976 888 1013 924 p.
1046 878 1106 912 60.
1165 876 1220 913 Cf.
1242 875 1396 914 Sallust.

140 946 226 994 [αθ.
245 948 318 989 39.,
341 947 418 987 54„
442 945 513 988 76„
537 945 609 986 oo,
633 943 692 977 98.

197 1049 252 1055 -
272 1023 333 1063 16.
361 1025 424 1062 10.
447 1023 472 1043 ‘⁶
487 1026 535 1061 ut
556 1019 776 1073 dissipatos
798 1017 840 1057 in
861 1017 1032 1072 fugam*
1064 1017 1280 1061 Romanos
1307 995 1401 1074 pgr·
1463 1003 1479 1019 ⁵

140 1090 452 1148 sequerentur.”

192 1177 331 1213 ⁷²³·Fort.
354 1173 518 1222 insuffat:
550 1171 626 1208 vid.
649 1170 800 1209 Cortius
829 1171 876 1207 ad
895 1170 1050 1208 Sallust.
1084 1171 1162 1209 Cat.
1187 1174 1249 1209 57.
1270 1175 1321 1216 4.,
1352 1171 1400 1208 ad

140 1242 315 1280 eumdem
333 1240 460 1276 loe-um
478 1250 547 1274 nos
565 1237 607 1274 111
632 1237 706 1275 CC.
724 1236 798 1274 SS.
817 1249 855 1284 p.
878 1238 963 1282 23.;
985 1236 1080 1274 adde
1099 1236 1183 1273 Liv.
1203 1250 1240 1273 v.
1262 1239 1323 1274 31.
1345 1240 1396 1282 4.‚

140 1306 305 1344 xxxviii.
328 1306 389 1343 27.
413 1307 446 1341 6.

197 1382 358 1425 xxxvii.
382 1385 452 1422 21.
476 1383 512 1423 7.
547 1379 746 1433 “quibus
777 1385 875 1419 ante
895 1378 1184 1420 abstinuerant
1204 1377 1398 1434 templis*

141 1451 393 1511 signisque.”

192 1540 334 1576 &Em-t.
351 1535 511 1572 tabulis:
536 1533 583 1570 cf.
605 1532 771 1569 xxxviii.
788 1535 824 1568 9.
849 1534 907 1568 14.
937 1535 961 1552 “
977 1532 1084 1580 signa
1103 1560 1112 1569 .
1133 1561 1141 1569 .
1163 1559 1171 1567 .
1192 1534 1231 1569 et
1259 1531 1402 1569 tabulae

139 1605 263 1653 pictae
285 1632 292 1640 .
315 1631 324 1639 .
347 1628 353 1636 .
375 1599 524 1637 suolata
542 1597 704 1634 omnia.''
761 1597 946 1634 Absolute
959 1600 1087 1634 autem
1103 1596 1306 1634 Sallustius
1325 1597 1401 1634 Cat.

142 1672 203 1706 20.
229 1672 300 1712 12„
334 1669 391 1702 52.
424 1668 472 1709 5.,
504 1664 659 1701 Sueton.
689 1660 765 1698 chl.
796 1662 874 1707 47.;
903 1662 998 1699 item
1026 1661 1154 1699 Cicero
1183 1661 1398 1710 aliquoties.

199 1783 255 1789 —
273 1758 341 1799 38.
366 1756 403 1798 7.
441 1760 463 1779 “
483 1759 653 1796 centum
677 1767 728 1794 ex
756 1751 820 1793 his
849 1753 1008 1802 occisis,
1036 1753 1234 1794 eentum*
1269 1752 1400 1794 ferme

142 1827 312 1884 captis.'’

193 1911 375 1949 &Mirum
403 1908 435 1945 si
461 1906 599 1944 maluit
618 1905 752 1944 Livius
780 1909 921 1943 centum
947 1919 1085 1943 nomen
1112 1906 1261 1952 iterare,
1283 1919 1399 1955 quam

142 1976 414 2027 aequalitatem
431 1971 583 2010 numeri
602 1984 813 2020 agnoscere,
834 1974 880 2009 ut
905 1973 1052 2009 totidem
1075 1971 1256 2009 scriberet
1274 1984 1282 2008 ε
1310 1971 1399 2008 vide

141 2041 317 2080 Emendcl.
337 2039 450 2088 prior.
470 2051 508 2086 p.
532 2040 591 2074 66.
647 2037 751 2073 Fort.
775 2036 828 2073 bis
843 2040 997 2075 centum.
1050 2037 1104 2074 Et
1121 2038 1222 2075 recte
1237 2035 1339 2082 satis,
1353 2038 1400 2072 ut
1478 2025 1479 2088 3

141 2109 183 2145 in
202 2104 447 2156 oppositione,
471 2114 615 2148 censeo,
643 2104 769 2150 potest
797 2101 873 2139 dici
892 2106 930 2139 et
948 2103 984 2139 h.
1003 2103 1028 2138 l.
1058 2105 1222 2139 centum.
1250 2130 1257 2138 .
1283 2131 1290 2138 .
1313 2130 1322 2147 ,
1345 2100 1398 2138 bis

141 2180 277 2210 eentum
303 2176 341 2207 et
360 2168 501 2206 xxxiii.
523 2171 558 2204 3.
582 2170 617 2204 5.
636 2166 736 2203 mille
758 2196 765 2204 .
790 2196 797 2204 .
820 2196 828 2205 .
857 2196 865 2214 ,
890 2167 944 2205 bis
970 2167 1130 2205 mille—.

199 2292 252 2297 -
276 2267 347 2306 44.
369 2265 410 2305 6.
443 2267 471 2287 ‘⁶
487 2260 599 2309 inde,
634 2273 766 2313 quum
795 2259 995 2309 audisset,
1022 2289 1030 2299 .
1056 2291 1063 2298 .
1089 2291 1094 2298 .
1117 2271 1396 2313 praegressos,

143 2341 211 2381 et*
233 2335 348 2391 ipse*
375 2364 384 2374 .
407 2363 414 2372 .
441 2361 452 2373 .
473 2330 582 2386 petit
604 2329 882 2385 Apameam.'⁷
