1490 2588
524 179 801 219 LIVIANAE.
1242 182 1262 214 6
1269 181 1290 213 3

87 313 144 320 -
163 287 230 330 49.
253 284 293 325 6.
317 289 346 310 “
360 283 570 339 quaesivit
589 285 640 327 ab
661 284 750 335 eo*,
773 299 821 325 ne
843 285 920 326 siba·
948 284 1090 324 liceret
1120 298 1171 323 ae
1203 284 1287 323 suis

35 358 162 398 vivere
181 354 230 397 ‚9'’

86 441 111 465 ⁹⁵
137 439 335 477 Fortasse:
368 438 558 489 quaesivit,
588 439 779 477 adeone—.

92 529 201 572 Ibid.
224 530 468 586 “quaesivit
494 530 663 581 iterum,
694 533 732 571 si
760 545 847 572 cum
879 532 1082 572 Romanis
1115 529 1293 570 militare

35 603 153 643 licet*
171 601 216 644 ?'’

87 687 111 711 ⁹⁵
139 686 266 724 Scribe
286 685 420 724 liceret.

90 800 146 806 —
164 776 233 816 55.
255 773 294 814 4.
318 778 347 800 ‘⁶
362 772 470 815 forte
491 771 714 815 vocatum*
738 805 745 812 .
765 804 773 812 .
798 805 806 812 .
832 771 972 814 vocari
985 771 1191 826 juberet.”

87 859 112 883 κ
140 858 268 897 Scribe
287 861 448 896 metum
467 856 722 908 (conventum).
779 856 835 894 Of.
867 856 938 894 inf.
964 859 1026 893 22.
1061 858 1107 901 1.,
1139 855 1210 892 xli.
1232 858 1295 892 22.

40 927 84 970 1.,
105 924 186 962 xlii.
212 925 268 962 17.
291 927 340 970 8.,
362 924 442 961 xlv.
463 925 525 961 28.
548 926 596 969 8.,
617 936 729 972 supra
747 922 773 961 i.
793 925 854 959 58.
877 926 926 968 6.‚
948 921 1013 959 vii.
1032 925 1066 958 5.
1087 924 1133 967 3.,
1155 920 1296 958 xxxiii.

38 993 98 1028 35.
119 992 165 1037 7.‚
186 990 324 1028 xxxiv.
347 993 405 1029 61.
429 993 476 1037 3.‚
496 989 647 1027 xxxvii.
670 990 704 1029 7.
725 992 773 1035 6.‚
799 991 858 1026 16.
881 991 940 1025 14.

94 1117 148 1122 -
171 1115 227 1121 -
248 1093 286 1131 8.
321 1095 408 1132 “et
438 1089 729 1132 infelicitatem
757 1104 876 1131 suam
907 1089 951 1130 in
980 1088 1122 1131 liberis
1157 1087 1299 1145 gravi-

35 1175 161 1211 orem,
183 1161 297 1217 quod
317 1161 447 1203 alter*
470 1160 658 1217 perisset,
681 1160 913 1203 censebat.”

86 1259 112 1284 ff·
140 1258 344 1307 Corrigunt
361 1259 444 1297 VV.
466 1259 552 1296 DD.
573 1261 770 1307 superesset
782 1271 796 1299 ;
823 1259 936 1303 recte,
958 1257 1005 1295 ad
1024 1269 1174 1295 sensum
1195 1257 1297 1306 quod

36 1325 174 1363 attinet
194 1338 202 1363 :
233 1325 282 1365 cf.
303 1328 364 1362 56.
386 1328 422 1362 4.
441 1339 450 1362 :
480 1324 543 1362 cui
560 1324 715 1374 quidem
733 1337 852 1373 aeque
871 1323 1044 1362 consulas
1061 1323 1104 1360 in
1122 1323 1295 1360 codicum

35 1390 196 1428 lectione
213 1390 343 1428 addita
359 1390 523 1440 negandi
540 1390 739 1439 particula.

94 1508 150 1514 —-
185 1482 253 1526 57.
291 1485 329 1525 9.
361 1489 742 1538 “recuperaturum
774 1497 818 1524 se
851 1481 894 1522 in
931 1479 1152 1530 Graecia*‚
1189 1494 1296 1535 quae

37 1553 278 1596 amisisset.”

89 1653 114 1677 ⁷¹⁴
140 1652 297 1690 Mallem
315 1652 571 1701 distinguere:
592 1655 891 1701 recuperaturum
909 1665 955 1698 se,
978 1652 1018 1690 2⁶72
1039 1651 1193 1690 &mecm
1208 1664 1297 1701 quae

39 1719 224 1756 amisisset.
277 1718 374 1756 Vide
394 1719 440 1756 ad
458 1719 567 1757 xxiv.
587 1724 619 1757 5.
644 1722 782 1756 11—13.

95 1811 170 1852 xli.
197 1812 234 1852 7.
257 1813 294 1854 9.
319 1817 342 1836 ‘⁶
362 1811 477 1866 quod
497 1811 703 1867 peditum,
738 1811 852 1866 quod
873 1810 1066 1866 equitum
1087 1809 1130 1850 in
1151 1809 1296 1851 eastris

37 1881 203 1924 fuerit*.
239 1888 398 1924 eeteros
431 1882 608 1924 inermes
642 1882 856 1938 fusosque,
890 1889 987 1924 ante
1027 1896 1170 1923 onmes
1202 1895 1296 1922 con-

38 1951 171 1994 sulem
191 1952 328 2008 ipsum
355 1984 365 1994 .
391 1983 400 1993 .
425 1983 434 1994 .
455 1952 654 2009 fugisse.’'

87 2053 112 2078 ⁹⁵
138 2052 243 2090 Addi
270 2055 395 2102 potest
423 2053 560 2090 inultos
588 2054 788 2091 trucidatos
818 2054 882 2102 (cf.
906 2066 1001 2090 xxv.
1033 2055 1092 2090 16.
1126 2052 1219 2102 19.),
1252 2058 1296 2089 ut

35 2118 219 2156 versiculo
239 2119 427 2167 explenda
444 2119 580 2156 lacuna
599 2119 660 2157 sit.
718 2120 780 2157 Sic
800 2119 925 2156 omnia
942 2119 984 2156 111
1003 2120 1138 2169 majus.
1195 2120 1232 2157 N
1235 2132 1295 2156 am

35 2193 158 2236 sieque
185 2184 332 2236 equites
361 2184 515 2234 quidem
543 2185 615 2222 ulli
643 2185 684 2222 111
712 2185 843 2222 eastris
862 2187 981 2230 erant,
1002 2197 1126 2235 neque
1146 2185 1213 2235 qui
1230 2199 1294 2235 pe-

37 2255 134 2293 dites
160 2254 284 2292 relicti
313 2256 420 2291 erant
437 2251 556 2290 inulti
574 2255 664 2289 sunt
683 2252 793 2297 eaesi,
814 2265 938 2301 neque
957 2252 1072 2290 ceteri
1090 2265 1219 2290 omnes
1235 2253 1293 2289 in-

38 2334 157 2358 ermes
174 2321 305 2369 fugere
325 2321 390 2369 (ef.
413 2323 448 2357 2.
472 2323 521 2366 8.,
545 2322 580 2356 3.
602 2319 668 2369 4.),
689 2331 812 2368 neque
827 2323 915 2357 ante
928 2332 1056 2357 omnes
1069 2318 1201 2357 consul
1214 2318 1294 2368 ipse

40 2386 152 2437 fugit,
175 2387 239 2426 sed.
256 2387 368 2437 plane
386 2389 517 2425 eontra
533 2388 756 2436 postremus.
