1490 2588
525 135 799 175 LIVIANAE.
1247 137 1295 173 27

37 242 85 280 ad
110 241 186 280 Cic.
213 242 295 280 Cat.
318 242 376 279 M.
402 244 438 279 3.
468 244 502 281 7.
522 255 560 280 n.
582 245 669 289 20.;
700 242 795 279 adde
817 241 972 280 Livium
995 254 1087 278 xxv.
1117 244 1178 277 38.
1207 243 1284 287 23„

37 307 175 345 xxviii.
197 310 257 344 24.
281 310 351 353 10„
373 307 538 345 xxxviii.
558 310 619 344 31.
645 310 692 354 1.,
713 307 851 346 xxxix,
873 310 932 345 40.
954 310 990 344 9.

96 425 152 430 -
173 399 239 439 40.
266 399 303 440 6.
339 404 366 424 ‘⁶
382 398 425 440 N
430 414 476 441 ec
506 413 618 441 nunc
644 398 719 448 illi,
742 398 841 454 quia
871 398 1068 448 aude11t*,
1099 397 1172 439 sed
1194 397 1292 452 quia

40 484 208 512 necesse
230 477 305 520 est,
321 470 414 509 -.’'

90 569 115 592 ‘³²²
134 568 257 605 Immo
276 567 364 617 quia
381 567 538 605 audeant
551 581 562 603 .-
591 580 679 604 nam
697 567 863 616 profecto
889 566 931 603 in
950 566 1190 614 cogitatione,
1217 579 1293 603 non

40 633 79 670 in
94 646 134 670 re
152 634 317 682 positum
335 635 392 670 est
409 633 479 670 hoc
504 632 670 682 quidem,
696 634 735 669 et
756 632 868 681 plane
887 645 1026 680 negare
1044 632 1131 668 vult
1151 631 1290 680 Scipio,

39 699 235 736 audaciam
252 698 423 736 hostibus
441 698 574 735 inesse.
630 698 728 735 Vide
747 711 814 735 nos
839 699 887 735 ad
907 698 980 735 Cic.
1003 698 1044 734 de
1061 697 1147 734 De‘v.
1168 697 1207 735 ii.
1230 701 1290 735 72.

40 777 77 801 n.
108 766 168 802 78.
197 767 236 801 ct
267 764 348 802 Cat.
376 766 433 801 M.
461 767 523 801 23.
553 767 615 801 84.
641 777 677 801 n.
705 767 789 811 36.;
820 764 915 801 adde
941 763 1097 800 Livium
1124 766 1293 799 nostrum

39 829 202 866 xxxviii.
235 832 293 867 33.
312 832 381 876 11.,
413 834 528 867 “non
547 831 638 880 quia
657 861 664 867 .
690 860 697 866 .
721 859 728 867 .
749 830 866 875 vellet,
898 830 963 867 sed
991 829 1082 879 quia
1102 859 1110 866 .
1132 858 1140 865 .
1163 859 1169 865 .
1192 829 1293 865 nole-

40 895 157 941 bat;”
174 895 312 934 xxxix.
327 899 386 933 28.
404 899 454 942 2.‚
483 900 508 917 “
523 909 599 933 non
614 897 704 946 quia
724 926 731 933 .
755 926 763 934 .
785 926 793 934 .
814 899 913 942 esset,
939 927 945 934 .
970 925 978 933 .
997 924 1005 933 .
1027 895 1091 933 sed
1110 895 1199 943 quia
1221 925 1227 931 .
1251 922 1259 931 .
1282 925 1290 932 .

39 961 252 1010 pertinebat
263 964 301 1008 ;”
320 962 417 999 xliii
438 964 499 1000 21.
521 966 569 1008 8.,
600 966 624 983 “
637 963 756 1012 magis
774 962 863 1011 quia
876 975 1025 999 manere
1038 974 1114 997 non
1132 965 1292 1010 poterat,

41 1039 156 1075 quam
175 1027 276 1076 quod
296 1055 303 1062 .
324 1056 334 1065 .
354 1057 362 1065 .
383 1028 506 1065 esseff’
562 1029 614 1066 Et
631 1028 716 1065 xlii.
738 1031 800 1066 25.
821 1031 891 1074 10„
923 1031 946 1048 “
961 1040 1038 1064 nou
1057 1028 1146 1076 quia
1158 1026 1293 1076 proba-

40 1091 137 1139 ret,'’
176 1106 266 1130 cave
302 1093 478 1142 obliquae
510 1094 671 1131 orationi
710 1094 853 1131 tribuas
890 1093 1186 1143 subjunctivum,
1228 1093 1295 1142 qui

40 1158 155 1195 etiam
173 1162 296 1196 erecta
314 1159 481 1197 oratione
505 1160 710 1196 servandus
732 1160 838 1197 foret.
885 1159 947 1197 Sic
960 1158 1222 1208 corrigendum
1241 1163 1298 1196 est

42 1224 156 1261 etiam
167 1225 304 1262 xxviii.
323 1228 385 1261 42.
408 1227 482 1272 21„
502 1226 557 1262 xl.
580 1228 640 1263 33.
661 1228 695 1263 2.

100 1341 156 1347 —
177 1318 245 1357 42.
269 1319 309 1357 3.
332 1323 360 1341 ‘⁶
378 1316 443 1358 Ut
464 1317 668 1372 cujusque
689 1332 775 1359 sors
792 1317 1073 1359 exciderat*.'’

97 1402 122 1425 ÷÷
135 1423 187 1428 ——
203 1404 259 1439 ret
273 1401 366 1439 Lov.
388 1405 434 1448 5.,
455 1404 556 1439 recte
573 1416 580 1439 :
603 1402 690 1439 vide
710 1403 758 1440 ad
776 1402 800 1440 i.
821 1406 854 1440 9.
879 1405 936 1440 11.

99 1513 155 1518 -—
180 1490 247 1530 43.
271 1490 308 1527 4.
335 1493 363 1513 “
380 1487 573 1530 Dextra*
595 1486 796 1543 laevaque
823 1487 908 1529 duo
935 1487 1064 1529 maria
1091 1488 1295 1530 claudunt

45 1591 51 1597 .
79 1590 85 1596 .
111 1592 117 1599 .
143 1558 429 1600 habentibus.'’

94 1644 119 1669 ἢ
137 1643 240 1681 Fort.
268 1643 449 1680 Dextram
469 1642 681 1692 laevamque.

100 1761 157 1766 -—
177 1737 243 1777 48.
268 1739 306 1779 9.
332 1735 426 1776 “ad
455 1734 707 1778 Clastidium
728 1735 882 1787 vicum,
898 1750 982 1791 quo
1007 1768 1014 1776 .
1039 1768 1046 1775 .
1071 1769 1078 1776 .
1102 1734 1295 1787 Romani,

45 1806 240 1847 mittit*.’'

97 1892 121 1915 '³³'
142 1891 319 1940 Suspicor
337 1894 424 1928 ante
442 1891 562 1929 wm‘ttz‘t
579 1891 809 1929 versiculum
827 1891 993 1940 periisse,
1012 1890 1078 1940 qui
1096 1892 1297 1928 numerum

47 1956 126 2006 (vel
141 1956 292 2005 ducem)
314 1962 351 1993 et
366 1969 484 2004 genus
499 1957 746 1994 declaraverit
763 1957 973 1994 missorum.
1027 1957 1064 1994 N
1067 1970 1127 1993 am
1145 1957 1270 2006 pergit
1285 1971 1293 1992 :

44 2025 68 2042 “
83 2021 156 2067 Ibi,
174 2035 294 2070 quum
312 2022 390 2058 Vim
401 2023 620 2070 parscrenzf.⁷'
662 2023 741 2060 Vix
755 2025 880 2071 potest
898 2036 985 2072 ergo
1003 2036 1079 2060 non
1097 2024 1297 2060 missorum

45 2088 187 2125 mentio
207 2101 286 2125 esse
300 2088 411 2125 faeta.

101 2214 155 2220 —
175 2191 243 2230 52.
271 2189 332 2229 11.
351 2195 377 2213 “
393 2188 525 2230 Varia
545 2189 642 2231 inde
663 2204 806 2245 pugna
826 2191 1184 2246 sequentes*‚—-.”

96 2273 121 2298 ἦ
140 2273 244 2322 Conj.
272 2273 436 2311 Gronov.
463 2275 619 2312 cedentes
641 2278 899 2326 sequentesque.
954 2278 1009 2314 At
1034 2289 1101 2324 ego
1132 2276 1299 2325 suspicor

46 2339 211 2387 potuisse
225 2352 302 2378 una
315 2353 405 2378 voce
421 2341 574 2378 Livium
590 2342 849 2391 exquisitiore,
866 2356 981 2394 quam
993 2346 1038 2380 ut
1051 2343 1171 2392 ipsam
1185 2342 1298 2382 intel-
