1490 2588
534 121 808 159 LIVIANAE.
1241 126 1288 160 23

39 231 183 266 tuam:
214 223 372 280 cepisse
404 225 516 267 enim
548 240 617 267 eos
641 241 725 268 non
746 226 940 278 Romam,
968 260 975 268 .
1000 261 1008 268 .
1032 260 1040 268 .
1063 227 1150 277 sed,
1185 228 1299 282 quod

37 295 173 337 multo
221 295 503 346 bellicosius*,
549 296 786 339 Romanam
834 298 1039 341 virtutem
1086 298 1298 340 ferociam-

37 366 160 421 que.”

88 453 114 476 4⁵
144 452 231 489 belli
248 451 492 502 confidentius
505 452 524 487 ,9

94 569 149 575 -
176 546 241 589 17.
265 544 305 585 6.
340 549 366 569 “
382 542 448 585 Ut
476 542 578 584 alios
607 557 728 599 reges
759 543 890 586 claros
913 544 1150 599 ducesque*
1173 545 1295 586 omit-

35 616 161 656 tam.’'

88 703 111 723 ’Ξ
131 699 299 744 Rectius,
329 697 472 748 opinor,
495 697 600 735 codd.
619 698 710 736 satis
727 699 843 737 multi
860 712 958 749 reyes
976 699 1158 749 clarosque
1177 699 1291 744 duces,

34 767 79 803 ut
105 765 222 803 semel
247 764 413 814 positum
430 762 661 812 adjectivum
680 764 790 813 quasi
807 765 866 803 bis
885 765 1062 802 audiatur
1079 778 1088 801 ι
1119 764 1207 801 vide
1226 777 1296 801 nos

34 831 75 868 de
100 831 247 880 Copulz's
265 844 302 880 p.
326 833 426 876 120„
456 843 577 882 seqq,
608 830 655 867 ad
675 830 830 868 Sallust.
854 844 891 880 p.
914 834 987 877 90.‚
1009 844 1100 880 seq,
1131 831 1190 867 ad.
1214 829 1292 867 Cic.

34 897 75 934 de
94 898 147 935 N.
167 897 215 935 D.
234 910 271 946 p.
297 898 395 945 107.,
424 898 465 935 de
483 898 573 935 Dc'v.
593 911 631 947 p.
652 900 712 935 52.
734 899 772 934 et
790 896 893 943 alibi,
928 897 1010 935 Cat.
1041 896 1097 934 M.
1131 898 1164 932 1.
1196 898 1229 933 1.
1255 908 1293 932 n.

35 966 96 1009 2.;
126 963 221 1000 adde
238 962 308 1000 inf.
330 963 378 1001 ad
395 976 486 1002 xxv.
510 966 568 1001 14.
594 967 638 1009 1.,
667 963 746 1001 xlv.
770 965 827 1001 18.
850 966 884 1000 3.

90 1079 148 1086 -
173 1057 237 1096 18.
264 1058 327 1096 11.
362 1061 390 1081 “
409 1055 528 1110 Quin
543 1062 593 1097 tu
608 1055 815 1097 hominis*
833 1069 928 1096 cum
949 1054 1132 1103 homine,
1156 1059 1200 1095 et
1216 1052 1294 1094 du-

33 1125 116 1167 cis*
140 1140 237 1168 cum
258 1126 379 1176 duce,
404 1160 413 1168 .
440 1160 447 1166 .
472 1160 479 1167 .
502 1127 664 1168 confers
681 1126 729 1168 ?''

85 1211 110 1235 ἦ
129 1211 285 1260 Accipio
305 1211 460 1248 hominis
477 1224 544 1260 pro
564 1211 731 1257 homines,
762 1210 862 1247 ducis
880 1222 948 1259 pro
967 1210 1081 1247 daces.
1128 1209 1229 1246 Nam
1248 1208 1296 1245 ad

31 1276 289 1313 accusativum
299 1276 417 1313 istum
424 1277 557 1314 tertiae
567 1276 832 1314 declinationis
841 1276 1026 1325 pluralem
1033 1288 1106 1324 quo
1111 1275 1134 1312 d
1143 1274 1294 1320 attinet,

31 1354 112 1387 nec,
142 1342 280 1391 quibus
307 1342 455 1390 legibus
482 1345 676 1380 teneretur
702 1356 773 1388 res,
804 1342 896 1380 satis
921 1346 1078 1387 constat,
1108 1344 1146 1378 et
1169 1340 1295 1389 ipsum

33 1407 186 1444 hominis
204 1407 246 1444 in
265 1408 391 1445 codice
410 1409 573 1457 quodam
590 1408 733 1457 legitur
751 1407 942 1446 Ciceronis
963 1407 1065 1445 Taso.
1086 1407 1135 1444 iv.
1154 1409 1215 1443 33.
1231 1408 1294 1447 71.

31 1473 217 1511 Mansisse
237 1476 364 1511 autem
379 1474 579 1523 aliquoties
593 1474 635 1511 in
649 1474 840 1512 codicibus
855 1473 1114 1511 accusativum
1128 1475 1296 1510 veterem

31 1540 73 1576 in
100 1539 133 1576 is
160 1543 364 1577 exeuntem
390 1553 467 1577 non
494 1540 608 1577 aliam
635 1541 681 1577 ob
710 1553 861 1578 causam
889 1552 1004 1588 quam
1030 1539 1121 1588 quia
1147 1537 1296 1575 librarii

31 1618 227 1655 perperam
257 1619 325 1655 pro
353 1606 523 1655 genitivo
553 1606 739 1655 singulari
769 1605 996 1655 acciperent,
1031 1605 1111 1655 jam
1138 1604 1179 1641 in
1210 1603 1295 1641 aliis

33 1670 277 1720 scriptoribus
294 1675 429 1709 notum
451 1675 518 1710 est.
565 1672 653 1710 Vid.
676 1672 801 1710 Kritz.
821 1673 869 1709 ad
888 1672 1043 1710 Sallust.
1070 1672 1152 1709 Cat.
1178 1672 1211 1707 l.
1234 1673 1268 1707 1.

91 1789 144 1795 —-
164 1788 221 1794 —-
246 1766 312 1805 12.
347 1769 371 1788 “
386 1763 506 1817 Quot
521 1763 734 1806 Romanos
750 1764 878 1807 duces
894 1763 1120 1813 nominem,
1140 1761 1293 1817 quibus

33 1848 265 1889 numquam
284 1834 459 1878 adversa
478 1834 648 1877 fortuna
667 1850 836 1892 pugnae
855 1834 964 1876 fuit*
982 1834 1026 1875 ‘2³⁹’

84 1932 110 1956 ³⁵
126 1931 286 1969 Mallem
295 1932 420 1980 fuerit
430 1948 445 1980 ,·
471 1932 565 1971 item
582 1933 684 1971 infra
694 1932 941 1982 poenituerit.
984 1931 1085 1969 Nam
1101 1930 1293 1980 praedica·

32 1997 114 2035 tiva
133 2000 223 2035 sunt
240 1997 344 2035 haec.

91 2114 147 2122 --
169 2093 238 2131 23.
266 2093 330 2132 13.
365 2096 557 2142 “castra,
585 2091 739 2146 quibus
766 2090 1017 2147 imperatum
1050 2095 1127 2139 est,
1153 2088 1294 2130 incen-

34 2160 206 2202 dant.*”

88 2245 111 2268 *
132 2245 265 2283 Potius
284 2245 483 2283 incendent.
538 2247 597 2284 De
616 2245 962 2296 circumscriptione
982 2246 1110 2284 autem
1128 2243 1196 2281 issa
1214 2244 1294 2294 qui-

37 2311 99 2349 bus
118 2312 337 2360 imperatum
355 2314 408 2349 est
426 2311 513 2350 vide
532 2312 591 2350 ad.
612 2312 638 2350 i.
660 2315 696 2350 9.
721 2314 778 2351 11.
