1490 2588
513 151 786 188 LIVIANAE.
1237 153 1257 186 3
1264 154 1284 186 3

90 253 205 295 xxiii.
229 255 266 295 1.
294 257 328 295 1.
361 262 384 279 “
404 254 633 304 Hannibal,
670 263 766 311 post
795 254 1060 298 Cannensem
1089 269 1287 310 pugnam,

32 329 190 367 castra*
214 333 336 381 capta
356 340 403 367 ac
423 326 586 381 direpta
606 325 826 368 confestim
850 357 860 367 .
885 358 892 366 .
919 359 926 366 .
948 325 1175 367 moverat.’'

83 411 107 435 ἦ
136 411 225 448 Sine
244 412 348 448 codd.
369 415 424 448 est
443 411 616 448 additum
635 414 768 448 castra.
823 411 987 448 Videtur
1014 413 1144 447 autem
1175 408 1291 446 etiam

29 476 193 525 amplius
205 476 386 525 quiddam
399 490 478 514 esse
494 476 719 514 addendum.
766 477 867 513 Nam
881 489 958 513 non
976 489 1053 513 una
1073 478 1195 513 castra
1213 475 1290 512 Ro-

28 554 141 579 mana
158 545 277 588 erant,
299 543 360 580 sed
382 543 483 580 bina.
525 543 577 579 Et
594 542 663 579 vix
681 545 806 591 potest
819 543 986 579 Romana
1000 543 1140 579 abesse.
1188 541 1290 588 Ergo

29 608 183 645 videtum
209 609 250 645 111
276 609 396 646 veteri
424 608 550 646 codice
576 608 726 656 integer
743 608 952 645 versiculus
971 607 1179 644 excidisse:
1204 610 1292 654 post

36 674 254 711 Cannensem
275 687 435 722 pufflzam
462 673 680 725 [castraque
699 674 790 710 bina
808 672 998 724 Romana]
1029 676 1138 720 capta
1165 686 1206 709 ae
1234 672 1291 708 di-

30 742 147 787 repta.
194 739 250 777 Cf.
271 743 305 777 5.
328 743 377 784 6.,
411 744 435 760 “
451 739 546 777 bc'nz's
564 742 712 788 postero
733 739 793 776 die
812 739 960 776 amissis
979 739 1112 776 castris
1128 737 1164 784 ;’'
1196 738 1291 774 adde

36 807 94 841 12.
119 807 178 841 14,

88 910 144 915 ——
181 889 221 927 5.
261 888 302 926 5.
348 884 566 926 “Pedites
607 885 725 926 vobis
764 884 1030 939 imperemus,
1074 888 1289 936 tamquam

32 955 194 1009 equites
215 955 440 997 habeamus
454 954 502 996 P*
533 955 754 1010 pecuniam
785 954 927 997 deesse
953 953 1153 1002 dicamus,
1185 959 1285 994 tam-

33 1041 158 1081 quam
180 1041 228 1068 ea
247 1032 413 1067 tantum
435 1026 542 1068 desit
560 1026 602 1067 ?”

83 1111 108 1134 ἢ
135 1111 289 1148 Lacuna
317 1124 432 1161 quam
458 1111 625 1148 maxime
652 1110 736 1148 fieri
754 1113 880 1160 potest
898 1109 1098 1147 manifesta
1113 1110 1291 1146 t—“Pe-

33 1175 130 1213 dites
174 1177 282 1214 vobis
332 1177 571 1225 imperemus,
613 1180 809 1225 tamquam
857 1176 1005 1225 equites
1050 1174 1292 1212 habeamus?

35 1240 190 1293 [equites
218 1243 444 1291 imperemus,
468 1246 649 1292 tamquam
670 1243 812 1291 pedites
840 1242 1027 1279 habeamus
1040 1241 1106 1293 ?]'⁷
1162 1242 1293 1290 Pergit

34 1311 158 1345 orator
173 1309 466 1357 t—“peezcnz'am
495 1309 622 1346 deesse
651 1309 831 1355 dieamus,
856 1312 1051 1358 tamquam
1076 1321 1119 1345 ea
1141 1310 1294 1345 tantum

35 1373 163 1411 desit?
182 1403 191 1412 .
211 1404 220 1411 .
243 1404 250 1411 .
274 1374 436 1424 leqc'ones,
460 1375 655 1424 equitatus,
681 1405 688 1411 .
713 1405 721 1411 .
745 1404 752 1411 .
766 1375 925 1423 pecunia
943 1403 952 1412 .
972 1403 982 1412 .
1005 1404 1012 1411 .
1034 1374 1266 1423 pe1·ierunt.'’

92 1486 148 1492 -
170 1462 207 1503 7.
230 1465 268 1503 3.
292 1467 430 1502 “nam
453 1494 460 1501 .
486 1494 494 1501 .
521 1494 528 1501 .
552 1475 696 1503 omnes
712 1460 1046 1516 comprehensos,
1069 1460 1188 1502 velut
1201 1474 1293 1501 cus-

33 1531 173 1573 todiae
193 1547 328 1581 causa,
362 1531 521 1573 balneis
553 1531 712 1573 includi
733 1532 888 1586 jussit:
920 1531 994 1574 ubi
1015 1563 1025 1573 .
1053 1562 1063 1572 .
1089 1562 1099 1572 .
1121 1531 1293 1573 foedum

32 1601 76 1642 in
96 1602 268 1644 modum
290 1603 611 1658 exspira1·ent⁴⁶².⁷’

84 1690 109 1713 ⁷¹⁸²
137 1689 270 1726 Potius
298 1690 549 1737 eas-sperarunt,
580 1688 724 1737 opinor.
778 1689 914 1737 Neque
946 1687 1047 1725 enim
1077 1688 1147 1724 hoc
1177 1687 1221 1724 ad
1253 1687 1293 1724 id

34 1754 134 1802 quod
164 1759 188 1775 “
201 1755 308 1792 velut
326 1755 518 1792 custodiae
538 1753 672 1791 oausa''
689 1754 840 1803 jussum
858 1756 926 1799 est,
946 1755 1070 1802 potest
1088 1752 1290 1802 pertinere.

36 1821 97 1858 Sic
116 1821 180 1858 ubi
195 1835 262 1870 pro
282 1821 412 1871 ibique.

91 1926 146 1930 -—
170 1899 233 1939 11.
259 1901 294 1942 7.
320 1906 348 1924 “
363 1906 551 1941 retentus
572 1899 734 1954 aliquot
754 1899 842 1940 dies
861 1898 905 1939 in
925 1897 1171 1953 recipiendis
1193 1896 1293 1939 civi-

34 1970 193 2011 tatibus
215 1970 496 2020 Bruttiorum,
530 1970 748 2025 quaeque*
771 1968 1056 2011 deficiebant.''

86 2056 111 2079 ⁷²²
139 2067 227 2104 quae
239 2053 434 2104 pleraeque
449 2057 468 2090 ?
521 2055 655 2103 Neque
675 2054 776 2091 enim
796 2066 923 2091 omnes
941 2052 1181 2090 Bruttiorum
1199 2053 1291 2090 eivi-

33 2123 131 2158 tates
148 2124 241 2157 tunc
261 2120 510 2157 deficiebant:
542 2120 628 2156 vide
647 2120 716 2156 inf.
739 2122 800 2156 20.
823 2124 858 2156 4.

92 2227 147 2232 —
172 2224 223 2229 —
249 2202 313 2240 15.
337 2205 361 2222 ‘⁶
381 2197 454 2248 Et,
477 2213 530 2240 ne
551 2198 690 2239 omnia
710 2198 797 2253 ipse
818 2198 968 2239 mirer*
994 2229 1004 2238 .
1024 2231 1030 2237 .
1054 2228 1063 2239 .
1087 2197 1236 2239 velim.
1256 2229 1288 2238 ..

35 2269 398 2324 respondeat‚—.’'

86 2354 111 2378 5⁶
138 2354 260 2390 Immo
279 2353 404 2399 rimer,
433 2352 575 2402 opinor.
628 2353 683 2391 Cf.
705 2353 1005 2391 emendationem
1024 2358 1192 2390 nostram
1212 2352 1286 2391 Cic.
