1490 2588
150 187 170 223 7
176 189 196 222 6
678 186 867 233 INDEX,

147 291 322 322 Infinitivus
338 292 454 329 modus,
473 292 534 329 29„
553 293 614 330 30.,
632 293 682 322 49.

146 334 308 373 Inqenz‘um
324 335 360 364 de
376 335 506 371 homine,
524 337 572 365 17.

145 377 267 416 Injurz'a
275 381 383 414 vestra,
399 379 463 414 18.;
478 378 543 407 Nec
551 378 673 417 injuria,
685 379 736 408 42.

145 420 344 459 Interpolatio
358 419 414 461 (P),
431 423 469 459 1.‚
487 423 527 458 3.,
542 422 583 459 4.‚
602 423 660 460 12.,
678 424 737 460 14„

148 506 247 536 Inulli
262 505 309 547 (?)
326 507 482 545 trucidati,
501 509 550 538 63.

146 550 246 579 Inviis
262 554 292 579 et
308 550 386 588 ipsis
398 548 454 590 (P),
473 552 522 580 68.

146 593 221 622 Irae
246 603 299 631 pro
315 594 417 622 causis
436 594 565 634 irarum,
593 596 662 632 13.;
688 594 739 624 ira

188 640 219 665 et
233 646 281 665 res
297 634 356 676 (P),
377 637 425 666 14.

145 679 252 709 Iratus
269 681 432 719 etfractus
443 677 498 720 (9),
517 681 567 710 51.

146 723 199 751 Ire
213 721 261 762 (P)
275 722 469 761 populatum.
497 725 546 753 66.

147 766 281 795 Irritare
295 766 413 795 animos
429 764 485 805 (P),
503 768 553 796 36.

146 809 190 845 Is,
204 818 288 846 pron.
303 819 308 837 :
323 819 388 838 eum
404 810 561 847 omissum,
579 810 629 840 50.
643 820 650 847 3
665 810 737 849 ejus,

188 861 250 882 non
266 853 432 890 praemisso
447 853 576 892 proprio,
594 853 644 883 65.

145 895 213 925 Isse
228 893 275 935 (P)
288 899 318 924 et
333 905 404 932 esse,
430 897 478 925 66.

145 938 207 975 Ita,
222 939 333 968 omisso
343 936 389 979 (P)
399 942 487 968 ratus
502 938 671 977 participio,
689 940 717 968 9.
730 948 737 975 ;

189 994 215 1006 =
230 982 329 1019 valde,
351 983 402 1011 14.

146 1025 259 1064 Itaque
276 1024 426 1062 particula
441 1025 637 1060 desideratur,
658 1026 706 1055 53.

146 1068 273 1098 Iteratio
287 1068 320 1097 in
348 1068 496 1107 emphasi,
528 1069 578 1098 10.
607 1066 665 1108 (P),
698 1069 740 1098 48

190 1110 249 1151 (Ρ).

146 1197 256 1226 lacere
266 1195 315 1237 (P)
332 1197 539 1233 contumelias,
559 1198 610 1227 39.

147 1240 259 1269 Jubere
290 1249 315 1269 c.
343 1240 429 1269 infin.
465 1240 597 1276 activae,
631 1240 741 1270 omisso

190 1292 252 1313 acc.
271 1292 424 1321 personae,
440 1285 490 1313 30.

148 1326 308 1355 Judicium
324 1331 353 1356 et
365 1327 558 1365 supplicium,
577 1328 627 1357 59.

147 1369 205 1398 Jus
221 1367 268 1409 (P)
288 1373 316 1398 et
330 1370 499 1408 imperium,
518 1370 567 1399 60.

146 1412 319 1450 JUSTINUS,
339 1415 388 1443 60.

147 1456 266 1484 Justior
284 1453 332 1495 (P)
343 1457 435 1495 fama
451 1456 606 1494 victoriae,
625 1457 675 1486 28.

146 1499 295 1528 ,laventus
312 1497 358 1539 (P)
375 1503 405 1529 et
417 1509 501 1538 qens,
520 1501 569 1529 68.

148 1585 288 1614 Lacunae
299 1582 345 1625 (P)
359 1595 366 1614 z
384 1602 405 1606 —
417 1585 608 1624 singularum
619 1594 739 1621 vocum,

189 1630 233 1665 4.‚
252 1630 313 1665 11.‚
341 1629 400 1665 12„
430 1630 492 1666 26.⁷
521 1630 582 1666 42.,
611 1630 661 1658 43.
684 1628 740 1665 bis,

191 1672 251 1709 52„
275 1673 336 1707 57.7
361 1672 421 1708 60.,
447 1673 496 1700 62.
517 1672 573 1707 bis,
602 1673 662 1707 67.,
690 1673 739 1701 70.

189 1715 255 1749 bis;
288 1714 430 1752 plurium,
455 1716 518 1752 33„
545 1716 612 1751 38.;
646 1715 739 1744 versi-

188 1757 256 1794 culi,
275 1757 336 1787 vid.
350 1757 535 1787 Versiculus.

147 1801 225 1830 Late
240 1798 283 1840 (P)
302 1804 333 1830 et
348 1801 420 1837 tela,
440 1802 490 1830 24.

148 1844 284 1882 Leyibus
299 1847 330 1873 et
346 1844 543 1881 reliyionibus
556 1842 611 1885 (P),
632 1845 660 1875 6.

150 1887 250 1916 Lenta
266 1888 465 1925 oppzqynatio,
491 1888 540 1917 25.
559 1898 566 1923 3
589 1897 647 1926 res,
665 1888 715 1917 44.

148 1929 273 1968 Linqua
289 1931 502 1968 metonymice,
523 1931 573 1960 18.

149 1973 259 2002 Ludus
274 1974 398 2010 aetatis,
415 1974 466 2002 43.

146 2016 262 2045 Lumen
279 2016 426 2046 translate
441 2017 478 2045 de
493 2015 626 2056 homine,
646 2017 694 2046 10.

147 2101 336 2140 Macrologia
355 2100 407 2141 (P),
429 2103 479 2136 65,

148 2144 251 2182 Mayis
267 2155 358 2183 quam
369 2155 429 2184 quo
445 2143 493 2185 (9)
510 2162 560 2182 —,
579 2146 630 2176 24.

147 2187 266 2225 [Wayna
281 2191 420 2226 exparte
435 2187 610 2226 insititium,
628 2189 678 2219 30.

147 2230 292 2259 issalum!
311 2231 490 2269 interjecti0‚
519 2232 566 2260 19.

147 2273 303 2302 Mandare
319 2274 355 2302 de
370 2273 463 2311 plebe,
483 2275 533 2303 67.

147 2315 247 2345 Manu
265 2315 312 2356 (P)
328 2326 390 2345 esse
405 2317 447 2353 in,
473 2318 522 2346 58.

145 2358 351 2389 Masculinum
364 2360 400 2388 de
415 2359 623 2398 cadaveribus,
642 2361 693 2390 48.

146 2402 284 2431 Maxime
300 2400 431 2443 (quum),
451 2400 509 2443 (P),
527 2404 578 2434 22.

805 292 965 322 Maximus
981 292 1033 331 (Q.
1052 293 1180 334 Fabius)
1196 294 1285 333 filius,
1303 296 1354 326 45.

808 336 880 364 Mea
904 346 948 364 me
964 334 1012 377 (P)
1030 337 1179 374 voluntas,
1205 339 1254 368 18.

806 380 981 409 Meminisse
1006 380 1109 418 juvat,
1140 382 1198 418 193
1229 381 1400 411 meminisse

849 423 936 460 quasi
951 424 1105 460 omissum,
1124 425 1175 453 21.

803 464 934 494 Meritone
949 463 996 505 (P)
1007 468 1134 505 perisse,
1151 467 1203 496 49.

805 508 1004 547 Metonymia,
1029 511 1070 547 4.‚
1090 511 1150 547 17.,
1170 511 1230 547 18.,
1249 511 1300 540 22.

805 552 932 588 Metum,
970 562 1018 581 res
1047 554 1160 593 fuerat
1192 563 1304 594 prope,
1345 554 1362 582 9
1390 564 1398 590 3

847 598 927 623 metu
939 598 969 624 et
985 595 1131 625 Mutilum
1148 593 1206 634 (P),
1225 597 1276 626 52.

808 637 930 667 Minari
946 639 1137 668 Hannibalis
1158 640 1314 668 servitium
1341 636 1398 679 (P),

806 724 923 753 Illirari
934 728 964 753 et
979 724 1091 753 rimari
1106 721 1163 764 (P),
1182 726 1231 754 33.

805 766 905 796 Misso
922 765 969 806 (P)
986 768 1140 805 comitatu,
1168 770 1217 798 11.

807 809 877 839 Illos
884 808 930 850 (P)
941 811 1015 849 vini,
1034 812 1101 848 59.;
1119 811 1221 849 vitam,
1231 821 1335 848 more8,
1349 810 1399 841 62.

805 852 928 883 Moveri
943 858 973 884 et
988 864 1084 884 novae
1098 854 1144 882 rei
1162 853 1223 893 (P),
1248 856 1297 884 68.

807 939 854 968 Ne
869 940 1064 977 postponend.
1083 938 1144 979 (P),
1167 942 1216 971 61.

807 983 872 1011 Nec
894 983 1021 1022 injuria,
1049 984 1121 1021 42.;
1146 994 1201 1013 nec
1224 983 1313 1023 quasi
1338 992 1399 1013 non

850 1035 904 1055 suo
920 1026 993 1062 loeo,
1013 1028 1063 1056 56.

807 1068 1167 1109 Necessariumfacz'nus,
1194 1072 1244 1100 36.

806 1111 837 1140 N
841 1120 931 1150 epos,
952 1113 999 1142 13.

806 1154 960 1184 Neutrum
1001 1164 1098 1194 genus
1113 1156 1270 1186 :--omm‘a
1303 1156 1396 1186 etiam

850 1198 1056 1227 masculinum
1072 1199 1299 1237 complectitur,
1325 1200 1375 1229 56.

809 1240 901 1270 Nihil
916 1241 1009 1270 simul
1021 1251 1074 1280 pro
1093 1243 1222 1279 nomine,
1241 1242 1332 1271 simul
1347 1251 1401 1280 pro

851 1284 933 1321 adv.⁷
963 1286 1033 1322 58.;
1055 1286 1084 1314 si
1099 1285 1180 1315 nihil
1200 1286 1297 1322 aliud,
1324 1287 1373 1315 61.
1391 1297 1398 1322 3

850 1327 1053 1365 nimiminus,
1080 1329 1129 1357 62.

810 1370 883 1399 Nisi
893 1380 946 1408 pro
961 1381 1022 1400 non
1039 1371 1107 1408 nisi,
1133 1373 1183 1401 42.

808 1414 926 1443 Nomen
943 1415 1148 1453 metonymice
1166 1413 1226 1455 (P),
1255 1415 1297 1451 4.‚
1329 1415 1399 1452 26.;

851 1458 975 1486 nomina
988 1459 1128 1496 partium
1148 1471 1174 1483 =
1190 1462 1307 1496 partes,
1325 1460 1376 1487 40.
1391 1469 1398 1494 ;

851 1500 933 1537 cujus
948 1501 1079 1530 nominis
1097 1505 1127 1530 et
1146 1501 1328 1531 conditionis
1343 1499 1399 1541 (P)⁷

810 1584 931 1615 Nomen
946 1595 1000 1623 pro
1015 1595 1113 1624 pron.,
1132 1588 1173 1625 5.,
1193 1588 1241 1616 12.

807 1628 1024 1659 Nominativus
1036 1638 1123 1659 casus
1134 1639 1175 1659 ex
1184 1630 1316 1669 obliquo,
1329 1631 1378 1660 24.
1391 1642 1398 1667 ;

850 1675 982 1710 quatuor
997 1673 1062 1702 sine
1078 1673 1178 1709 verbo,
1198 1674 1249 1703 60.

809 1715 878 1745 Non
891 1714 1019 1755 (tantus,
1033 1714 1181 1756 quantus)
1193 1733 1245 1751 —-,
1255 1717 1307 1746 24.
1319 1726 1328 1751 ;
1340 1726 1401 1746 non

851 1759 924 1796 quia
953 1775 1004 1795 —,
1036 1759 1092 1787 sed
1115 1779 1166 1797 -,
1198 1760 1248 1789 25.
1263 1769 1271 1796 ;
1298 1760 1400 1790 omiss.

850 1805 918 1839 post
933 1801 1001 1839 nisi,
1020 1802 1071 1832 42.
1087 1811 1094 1839 ;
1119 1802 1232 1840 omiss,
1249 1800 1296 1841 (P)
1314 1804 1362 1833 63.

811 1844 918 1874 Novae
935 1846 979 1873 rei
995 1843 1041 1885 (P)
1058 1849 1088 1874 et
1102 1846 1224 1883 moveri,
1249 1846 1299 1876 68.

807 1888 900 1916 Νοεεα
919 1886 966 1926 (P)
979 1892 1008 1917 et
1024 1898 1128 1925 causa,
1155 1890 1205 1918 66.

807 1929 920 1960 Nudus
936 1929 982 1971 (P)
999 1931 1093 1961 armis
1109 1934 1140 1961 et
1155 1932 1320 1968 Numidas,
1334 1932 1386 1962 37.

809 1973 925 2003 Nullas
941 1972 987 2014 (P)
1004 1985 1066 2004 esse
1081 1974 1222 2012 injurias,
1241 1976 1291 2004 64.

806 2016 911 2046 Numa
928 2017 1104 2055 Pompilius,
1122 2019 1151 2047 6.

806 2059 1019 2089 Numeralium
1044 2061 1075 2089 in
1102 2060 1182 2090 notis
1207 2069 1319 2090 errores
1339 2057 1398 2101 (P),

852 2104 914 2140 32„
933 2105 994 2140 36.,
1013 2104 1076 2142 54„
1092 2103 1148 2141 bis,
1174 2104 1224 2133 66.
1251 2105 1301 2134 67.

808 2145 962 2176 Numidas
978 2150 1008 2176 et
1023 2147 1122 2176 nudus
1137 2147 1233 2175 armis
1249 2144 1306 2187 (P),
1326 2147 1375 2177 37.
1388 2157 1397 2182 ;

847 2194 877 2219 et
891 2190 1051 2219 Nomadas
1067 2187 1125 2230 (P),
1145 2190 1194 2220 38.

808 2274 966 2313 Objectare
983 2273 1038 2316 (P),
1058 2276 1107 2305 64.

811 2317 954 2348 Oblatum
975 2317 1022 2358 (P)
1035 2322 1064 2348 et
1076 2318 1149 2356 abl„
1167 2319 1217 2348 38.

812 2361 1056 2435 Οἰέἰέἔεοξτὸάιιηι
1068 2361 1250 2392 conditionis
1260 2358 1307 2402 (P)
1319 2361 1397 2391 victo

914 2427 921 2442 ,
984 2427 991 2433 .
