1442 2604
424 709 1004 775 PRAEFATIO.

79 1109 186 1152 NON
210 1123 308 1152 sane
327 1109 427 1152 licet
452 1109 554 1151 mihi
577 1110 630 1152 de
656 1109 840 1152 editione
862 1109 1034 1164 quidem
1061 1108 1177 1152 Livii
1204 1109 1334 1151 susci-

77 1181 229 1237 pienda
250 1181 446 1238 cogitare.
508 1181 576 1222 At
597 1187 620 1205 ‘⁶
637 1180 719 1223 Est
739 1180 919 1236 quadam
939 1180 1106 1236 prodire
1126 1187 1251 1222 tenus
1281 1180 1315 1222 si

76 1267 162 1295 non
190 1253 317 1294 datur
340 1252 488 1294 ultra.’'
548 1251 665 1306 Quid
690 1259 807 1294 vetet
831 1251 874 1293 in
900 1252 1065 1308 aliquot
1089 1259 1201 1294 certe
1230 1251 1332 1294 locis

76 1323 327 1365 emendandi
346 1322 434 1365 vias
461 1323 624 1365 tradere
646 1330 689 1364 et
712 1323 766 1378 (si
786 1322 911 1365 modo
933 1323 1027 1378 quis
1048 1322 1224 1379 posthac
1246 1322 1332 1365 edi-

74 1401 196 1436 turus
220 1394 335 1436 volet
360 1394 565 1449 accipere)
591 1394 710 1448 quasi
731 1393 964 1449 symbolam
985 1394 1210 1449 quamdam
1237 1408 1333 1449 por-

73 1465 211 1520 rigere
249 1465 303 1506 ad
343 1464 568 1506 editionem
586 1465 607 1506 P
671 1464 756 1508 Sed
792 1464 950 1506 multos
990 1480 1120 1507 annos
1159 1464 1205 1506 in
1247 1479 1331 1506 uno

74 1534 278 1578 Cicerone
310 1535 474 1577 defixus
509 1535 680 1577 Livium
715 1551 800 1577 non
835 1535 1074 1591 attigeram.
1137 1535 1330 1577 Tandem

72 1605 298 1661 aliquando
332 1606 448 1648 volui
480 1606 605 1648 etiam
636 1605 717 1648 alia
748 1606 931 1649 lectione
964 1606 1105 1662 aliqua
1143 1607 1330 1648 admixta

71 1677 192 1732 quasi
211 1677 396 1719 animum
428 1692 625 1720 recreare.
686 1677 746 1719 Et
773 1684 864 1719 tum
891 1677 1062 1732 quidem
1088 1677 1193 1718 nihil
1213 1677 1329 1732 prius

70 1747 264 1803 potiusve
286 1748 520 1799 videbatur,
552 1764 679 1804 quam
705 1755 754 1790 ut
781 1749 833 1790 ad
863 1748 915 1789 T.
942 1747 1056 1791 Livii
1071 1747 1330 1803 jucundissi-

70 1833 159 1860 mas
178 1820 434 1862 narrationes
454 1835 521 1862 me
542 1834 794 1862 revocarem.
856 1819 974 1873 Quas
1004 1833 1089 1861 non
1123 1818 1244 1875 potui
1275 1835 1328 1861 ne

70 1889 199 1931 animi
215 1890 386 1945 quidem
402 1905 526 1932 causa
545 1890 604 1932 ita
626 1905 860 1947 peragrare,
883 1896 934 1931 ut
953 1905 1038 1932 non
1058 1905 1133 1945 pro
1155 1905 1326 1932 consue-

70 1960 219 2002 tudine
250 1976 343 2003 mea
377 1961 512 2004 obiter
537 1961 698 2016 aliquid
725 1961 983 2017 periclitarer
1008 1961 1325 2003 emendationis.

71 2031 326 2074 Tentamina
352 2047 445 2074 mea
465 2032 676 2087 quomodo
703 2031 807 2073 mihi
836 2032 1050 2082 cesserint,
1084 2031 1234 2074 lectori
1260 2048 1325 2075 co-

67 2102 180 2157 piam
203 2102 309 2144 facio
335 2103 565 2157 judicandi.
628 2102 730 2144 Non
760 2102 940 2145 arbitror
965 2117 1054 2145 esse
1086 2118 1153 2145 me
1181 2119 1324 2146 omnes

68 2188 180 2215 meas
213 2173 524 2216 emendationes
561 2174 754 2215 omnibus
779 2173 1006 2216 lectoribus
1032 2176 1320 2230 probaturum,

69 2244 252 2299 satisque
291 2244 531 2286 habendum
570 2244 674 2285 mihi
713 2244 806 2294 erit,
851 2244 885 2286 si
916 2244 1076 2288 idoneis
1108 2246 1323 2301 judicibus

67 2314 242 2357 videbor
262 2315 361 2357 satis
379 2330 500 2371 saepe
517 2315 735 2357 veritatem
749 2324 977 2358 assecutus.
1017 2317 1091 2368 Et,
1113 2324 1162 2359 ut
1182 2317 1321 2359 defue-

66 2385 153 2428 rint
172 2386 296 2437 vires,
320 2392 494 2429 “tamen
515 2393 579 2429 est
597 2386 805 2429 laudanda
825 2387 1058 2429 voluntas.''
