1490 2588
129 189 150 221 8
543 187 962 226 EMENDATIONES

177 292 201 315 ²¹²
220 291 377 328 Mallem
396 293 484 327 esset
497 303 509 326 .·
539 291 586 328 cf.
607 305 702 329 xxv.
727 294 785 329 14.
806 294 854 338 9.,
879 297 904 313 “
921 306 1016 342 quos
1032 293 1132 331 vires
1150 296 1378 346 sanguisque

125 356 352 397 desereret;”
371 359 410 394 et
439 359 500 394 26.
523 361 571 402 9.,
602 357 938 407 “quotidianaque
969 359 1103 397 funera
1134 363 1172 398 et
1201 374 1301 399 mors
1332 363 1378 399 ob

124 423 250 459 oeulos
270 421 401 459 esset.⁷’

181 539 238 546 ——
260 517 326 555 25.
350 516 388 555 6.
418 520 447 540 “
466 512 680 555 Romanas
700 513 888 570 legiones
917 515 1005 570 jam
1020 530 1112 570 spes
1145 522 1246 565 tota,
1275 532 1379 559 non-

122 586 223 626 dum
255 592 397 626 tamen
421 599 521 627 eura
547 585 801 635 deseruerat,
836 586 1076 628 exanimes*
1113 586 1203 629 vice
1235 587 1374 638 unius,

123 656 345 712 quem—.''

174 743 198 766 ⁵⁶·
216 742 303 778 Non
319 740 423 786 alibi,
439 739 583 789 opinor,
600 739 700 777 dixit
715 740 848 777 Livius
862 740 1043 778 exanimes
1057 741 1250 788 translato,
1268 741 1378 791 quasi

120 810 225 844 metu
245 806 488 843 exanimatos.
545 806 608 852 Et,
633 805 665 842 si
687 806 854 843 maxime
873 806 1043 853 dixisset,
1065 810 1192 844 tamen
1212 807 1377 844 nimium

58 874 60 877 ”
119 874 189 910 hoc
212 874 293 910 loeo
317 871 470 909 videtur
492 872 671 909 exanimes
695 875 780 921 post
804 872 883 918 illa,
909 873 1114 909 “nondum
1137 876 1264 910 tamen
1289 886 1378 911 cura

120 940 369 977 deseruerat.'’
411 938 530 975 Aliud
549 941 676 975 autem
695 938 876 987 quiddam
894 938 1030 976 habuit
1048 939 1159 976 initio
1195 940 1273 977 cod.
1294 940 1375 977 Ha-

118 1006 237 1051 verk„
263 1008 393 1054 postea
409 1017 579 1041 rasuram
603 1017 747 1053 passus.
803 1005 902 1053 Ergo
922 1005 1078 1042 fortasse
1101 1005 1372 1054 reponendum,

116 1072 157 1108 id
176 1072 277 1121 quod
295 1069 431 1108 melius
451 1083 558 1107 curae
577 1070 722 1107 nomini
741 1070 976 1119 respondeat,
995 1070 1125 1107 anxias
1138 1070 1201 1107 vel
1219 1071 1347 1108 anxios
1362 1085 1374 1108 .-

118 1139 162 1177 ef.
183 1137 265 1174 viii.
286 1140 346 1174 35.
369 1139 416 1182 1.,
442 1141 466 1157 “
483 1149 588 1173 suam
602 1136 683 1185 jam
701 1137 807 1173 vicem
826 1135 988 1173 a72xz'os.''
1027 1136 1069 1186 (J
1071 1149 1131 1172 am
1148 1139 1274 1173 nostro
1293 1136 1374 1174 loco

118 1203 321 1252 legendum
340 1202 451 1239 vicem
470 1202 618 1239 monuit
637 1201 880 1251 Gronovius.)
930 1202 1065 1251 Neque
1083 1201 1186 1239 ultra
1204 1202 1372 1240 anxieta-

116 1273 205 1315 tem,
227 1269 370 1318 opinor,
394 1281 484 1305 eura
501 1267 696 1317 procedit:
727 1268 774 1305 of.
793 1268 862 1304 inf.
886 1271 946 1305 56.
979 1271 1027 1313 4.,
1054 1271 1077 1287 “
1095 1268 1219 1304 anoez'z's
1237 1268 1371 1317 imple-

116 1336 173 1373 vit
192 1335 289 1372 caris
302 1334 342 1376 ;’'
365 1334 448 1372 xxi.
465 1337 500 1370 2.
522 1336 567 1381 1.‚
587 1337 611 1353 “
625 1333 700 1371 His
715 1334 848 1370 anxius
863 1335 960 1371 euris
978 1333 1016 1381 ,·’'
1033 1336 1072 1370 et
1087 1336 1148 1370 51.
1167 1337 1215 1380 6.,
1237 1335 1369 1371 “mul-

116 1403 165 1439 tis
184 1401 298 1439 simul
316 1400 449 1438 anxius
468 1400 566 1437 curis
585 1399 624 1446 ;”
651 1399 764 1437 xxiii.
792 1403 854 1436 29.
886 1403 932 1445 9.‚
961 1412 1054 1436 xxv.
1085 1402 1145 1435 35.
1170 1400 1216 1445 7.,
1244 1399 1367 1436 xxvii.

116 1471 177 1505 40.
203 1470 249 1514 7.,
273 1468 336 1505 47.
357 1470 391 1504 8.
423 1466 578 1504 Sallust.
604 1465 686 1504 Cat.
708 1469 770 1502 46.
792 1468 840 1511 2.,
863 1465 967 1502 Curt.
988 1464 1043 1501 iii.
1067 1468 1100 1501 3.
1122 1468 1154 1502 2.

168 1560 276 1602 Ibid.
312 1558 564 1602 “exanimes
595 1558 687 1602 viee
715 1557 883 1607 unius*‚
917 1573 1042 1613 quem
1072 1563 1157 1599 tres
1187 1556 1369 1600 Curiatii

115 1630 518 1673 circumsteterant.'’

166 1718 191 1741 ἧς
208 1716 297 1754 Non
324 1715 468 1765 aceepit
499 1714 604 1753 Leid.
636 1717 667 1751 1.
705 1727 726 1751 a
750 1714 873 1763 prima
895 1725 1010 1751 manu
1036 1712 1168 1758 umbem
1202 1725 1270 1762 pro
1294 1712 1369 1750 ‘cic-e

113 1785 240 1820 autem
263 1783 379 1820 habet
401 1782 503 1819 idem
526 1781 628 1818 vices.
683 1780 857 1817 Fortasse
880 1779 990 1816 vicem
1015 1779 1100 1826 eju-9,
1131 1791 1243 1816 unum
1267 1791 1368 1829 quem

113 1851 247 1886 tres—.
302 1848 361 1886 De
390 1847 597 1897 postposito
630 1850 758 1884 autem
785 1846 945 1883 relativo
980 1845 1081 1883 infra
1109 1845 1158 1882 ad
1187 1845 1296 1883 xxiv.
1329 1848 1365 1882 5.

119 1917 282 1952 11—13.

169 2005 279 2047 Ibid.
304 2012 331 2032 ‘⁶
349 2020 475 2061 quem
496 2011 580 2047 tres
603 2003 810 2048 Curiatii*
827 2002 1257 2046 circumsteterant*.”

161 2092 185 2115 ’ὃ
203 2090 314 2128 Nihil
331 2103 425 2139 opus
443 2089 605 2139 proprio,
638 2103 715 2126 non
731 2089 852 2138 magis
877 2101 992 2137 quam
1011 2101 1124 2137 supra
1139 2087 1181 2125 in
1198 2100 1275 2125 uno
1291 2086 1366 2125 isto

109 2156 311 2206 superstite
329 2155 503 2193 Horatio.
541 2155 701 2200 Deinde,
719 2155 939 2204 conjunctos
959 2153 1017 2204 (id
1036 2154 1138 2203 quod
1154 2152 1366 2191 vulneratis

108 2223 218 2261 facile
235 2235 294 2259 res
311 2221 395 2271 ipsa
413 2221 611 2271 suadebat)
630 2221 758 2270 potius
782 2233 895 2270 quam
914 2219 1099 2257 diversius
1119 2219 1266 2257 stetisse
1286 2221 1365 2256 tres

109 2287 310 2333 Curiatios,
339 2300 386 2324 ex
412 2287 626 2324 narratione
645 2300 741 2337 quae
764 2286 937 2336 sequitur
963 2288 1064 2324 certo
1082 2283 1210 2333 colligi
1227 2285 1365 2333 potest.

108 2354 269 2404 Quippe,
295 2355 341 2390 ut
371 2355 540 2401 segreget
576 2355 799 2402 pugnantes,
825 2351 1009 2390 Horatius
1032 2351 1163 2399 fugam
1189 2349 1365 2388 simulate

109 2419 281 2469 capessit.
337 2419 389 2456 Et
408 2431 523 2468 quam
540 2418 650 2456 facile
674 2421 822 2468 poterat
843 2418 992 2467 integer
1008 2429 1110 2455 unus
1127 2415 1227 2454 elabi
1245 2418 1284 2454 et
1302 2428 1361 2454 ce-
