1490 2588
186 184 232 217 18
665 185 960 222 HANNIBAL.

241 285 324 327 Sed
344 300 443 326 cave
465 286 619 335 credas,
653 288 825 330 victoria
851 305 925 330 sua
952 291 1177 331 attonitum
1208 289 1424 333 Hanniba-

179 366 260 407 lem
282 367 403 422 plane
420 370 685 424 obstupuisse
704 378 746 413 et
759 372 801 412 in
815 387 857 413 re
875 373 1056 427 gerenda
1072 387 1259 414 cessasse.
1302 373 1420 424 Nam,

178 450 294 492 nulla
313 466 427 492 mora
447 451 571 502 facta,
595 453 654 494 ita
673 462 738 496 est
758 455 932 497 victoria
953 471 1064 504 usus,
1096 463 1144 497 ut
1165 472 1272 498 unus
1293 457 1422 499 idem·
1474 458 1477 461 ’

143 590 147 593 ι
177 549 258 587 que
279 535 451 576 nuntius
472 542 514 577 et
535 537 751 579 victoriam
783 539 992 594 egregiam
1024 540 1136 580 illam
1159 539 1419 582 Cannensem

175 619 337 659 senatui
369 619 705 675 Carthaginiensi
739 622 962 671 nuntiaret,
999 630 1041 663 et
1074 623 1264 665 Bruttios
1298 626 1418 680 Apu-

174 701 332 756 losque,
368 703 519 757 partim
549 704 675 745 ctiam
712 705 959 746 Samnitium
982 722 1029 748 ac
1052 706 1313 748 Lucanorum
1348 709 1420 748 de-

172 787 316 829 fecisse
337 788 389 828 ad
412 787 589 838 Poenos,
625 796 667 830 et
689 789 889 844 Capuam,
927 791 1105 832 alterum
1136 791 1241 833 illud
1266 791 1415 834 Italiae

170 879 309 927 caput,
335 872 563 914 Hannibali
583 889 625 914 se
639 875 868 916 tradidisse.
926 875 997 918 Sic
1013 876 1111 917 satis
1128 876 1283 918 fidebat
1298 892 1417 932 posse

171 970 213 996 se
235 964 324 996 tum
347 956 486 997 amicis
503 957 613 998 domi
631 965 720 998 tum
740 958 916 999 inimicis
941 959 1031 1013 (qui
1053 959 1232 1000 multum
1255 960 1417 1001 Hanni-

170 1039 272 1080 balis
304 1041 426 1080 rebus
459 1041 682 1082 obstabant:
713 1048 756 1082 et
777 1042 909 1083 modis
940 1042 1131 1083 omnibus
1157 1044 1412 1093 nitebantur,

169 1123 506 1178 supplementum
527 1131 569 1164 et
590 1124 840 1179 stipendium
864 1126 915 1166 ad
937 1140 1032 1167 eum
1052 1141 1105 1166 ne
1126 1126 1412 1181 mitterentur)

167 1208 353 1261 probare,
389 1207 432 1247 in
463 1207 648 1249 invalido
669 1215 712 1249 et
732 1208 821 1263 ipsa
841 1208 1016 1250 victoria
1048 1209 1194 1249 attrito
1227 1210 1414 1251 exercitu

168 1297 371 1344 quantum
392 1298 544 1345 posset,
566 1290 675 1332 haud
694 1307 862 1346 segnem
885 1307 926 1332 se
948 1306 1119 1346 pergere
1135 1291 1308 1334 victoria
1328 1293 1412 1341 uti;

168 1375 224 1416 sic
246 1374 440 1416 credebat
460 1389 579 1429 posse
610 1390 652 1415 se
674 1375 833 1416 civibus
854 1375 936 1415 suis
958 1374 1215 1424 satisfacere;
1247 1375 1298 1416 de
1319 1375 1413 1416 hos-

166 1459 277 1499 tibus
291 1458 504 1512 judicibus
525 1458 813 1500 satisfaciendo
834 1459 983 1507 minus,
1008 1465 1056 1499 ut
1072 1457 1231 1513 opinor,
1254 1457 1412 1500 labora-

166 1543 252 1583 bat.
311 1541 384 1590 Et‚
414 1541 461 1591 si,
489 1542 532 1582 id
553 1542 666 1596 quod
688 1543 868 1591 videtur,
896 1542 1031 1596 judici
1066 1541 1329 1596 aequissimo,
1352 1542 1411 1583 rei

165 1625 352 1666 militaris
385 1625 646 1680 peritissimo,
672 1626 846 1680 Polybio
874 1626 972 1666 satis
994 1640 1038 1667 se
1070 1625 1283 1668 Hannibal
1302 1626 1346 1666 in
1365 1641 1410 1666 re

165 1709 374 1752 Cannensi
395 1710 597 1765 probavit,
620 1709 739 1751 facile
760 1716 898 1764 potest
919 1709 1030 1750 Livii
1047 1709 1408 1764 reprehensionem

165 1793 351 1834 tolerare.

221 1878 284 1917 At
300 1876 410 1917 enim
425 1876 646 1931 capiendae
661 1875 791 1917 Urbis
809 1875 1138 1930 praetermissam
1153 1874 1407 1916 occasionem

165 1968 259 2014 post
281 1959 542 2002 Cannensem
573 1975 757 2014 pugnam
779 1965 822 2000 et
841 1958 910 1999 alii
930 1958 1059 2012 vulgo
1086 1964 1229 2012 postea
1258 1957 1406 1998 freme-

165 2044 265 2083 bant
287 2050 328 2084 et
349 2043 435 2097 ipse
454 2042 664 2084 Hannibal
683 2057 767 2083 non
788 2042 1074 2083 dissimulabat
1095 2040 1209 2096 (Liv.
1231 2040 1347 2080 xxvi.
1367 2041 1404 2082 7.

168 2129 227 2180 3).
280 2126 396 2180 Ergo
418 2141 500 2167 non
522 2141 687 2167 necesse
709 2126 898 2174 habebat,
922 2125 1112 2173 arbitror,
1135 2122 1317 2178 opinioni
1336 2122 1406 2163 isti

168 2211 330 2251 obviam
352 2210 423 2258 ire,
455 2224 538 2251 non
558 2210 690 2265 magis
720 2225 845 2264 quam
875 2216 1018 2264 postea
1037 2207 1231 2263 nugatori
1254 2206 1322 2247 isti
1342 2221 1405 2247 ar-

168 2302 252 2335 tem
281 2294 380 2336 belli
408 2294 676 2349 praecipienti
705 2294 978 2349 respondere3
1010 2299 1052 2334 et
1083 2290 1293 2332 silentium
1328 2306 1402 2345 pro

134 2409 137 2411 Α
167 2377 419 2420 confessione
454 2385 518 2420 est
551 2386 777 2433 acceptum.
839 2377 937 2419 Jam
974 2391 1078 2431 quac
1115 2374 1261 2415 Livius
1295 2389 1400 2415 xxx.
