1490 2588
541 199 796 238 ALTERAE.
1276 199 1296 234 7

98 309 200 336 '4—-22
235 307 355 345 subire
389 306 494 344 codd.
532 306 673 355 plures.
711 297 994 343 Scribez—Vz's
1030 313 1224 351 numquam
1261 315 1296 338 eo

44 375 163 414 subire
176 373 310 423 potuit.

101 467 225 507 -28.
266 469 303 506 1.
339 471 365 490 “
384 464 564 506 sarcinas
601 463 645 504 in
675 477 806 504 unum
842 461 992 516 conjici
1016 495 1022 500 .
1052 492 1060 501 .
1087 493 1094 500 .
1117 460 1297 502 militem

50 572 56 580 .
82 570 91 579 .
116 568 125 578 .
146 536 281 579 redire
302 535 346 576 in
367 535 533 577 ordines
554 539 690 576 suos*
724 533 870 582 Facta,
895 547 1001 587 quae
1022 529 1282 586 imperavit.'’

102 624 125 647 96
144 623 287 659 Abesse
304 622 453 670 poterat
475 631 692 668 pronomen.
739 617 891 655 Nudius
911 619 1037 654 autem
1055 615 1155 652 fflud
1173 614 1300 659 Facta,

49 702 137 739 quae
155 687 351 737 imperavit
380 685 460 723 sine
480 684 756 734 significatione
775 683 904 732 aliqua
921 683 1035 719 modi.
1094 682 1223 719 Scribe
1239 695 1303 717 :-—

49 755 167 792 redire
185 754 226 792 in
245 753 398 791 ordines.
439 752 586 790 Smmno
605 749 726 787 studio
737 751 858 799 ficeta,
883 762 974 798 qaae
994 748 1201 796 imperavit.

108 873 163 878 -—
183 872 238 878 --
260 849 299 889 9.
324 851 348 869 “
365 858 495 894 orare,
518 857 572 885 ne
597 874 605 882 .
629 874 637 882 .
663 874 671 882 .
695 873 706 892 ‚
730 840 904 883 ut*--.''

103 931 127 954 ⁹⁵
142 930 244 967 Fort.
266 933 314 967 et.
344 929 432 967 Vid.
456 928 602 967 Waleh.
632 927 809 964 Emendd.
830 939 866 975 p.
897 928 1007 970 227.;
1038 925 1134 962 adde
1152 924 1221 961 inf.
1246 927 1308 960 46.

54 999 100 1042 9.,
125 998 238 1032 “ne.
262 1024 269 1033 .
294 1025 300 1032 .
324 1025 332 1041 ,
355 993 559 1044 atque-5'’
577 994 684 1032 Curt.
705 992 786 1030 viii.
822 995 881 1028 14.
905 994 978 1036 35„
1004 994 1028 1011 “
1044 1003 1091 1027 ne
1112 1017 1303 1035 .......

56 1061 212 1111 que—.''

110 1141 168 1183 iv.
191 1142 229 1182 6.
252 1144 289 1181 3.
316 1146 339 1166 “
359 1139 537 1181 Plebes*
556 1137 874 1194 indignatione*
899 1136 1094 1178 exarsit.'’

106 1226 324 1262 ss—ssFort.
345 1224 470 1262 Plebis
492 1253 498 1260 .
521 1253 527 1260 .
553 1252 560 1259 .
581 1223 799 1272 indrynam.
840 1222 895 1259 Cf.
914 1225 1025 1276 2439.
1042 1236 1050 1267 ;
1073 1221 1166 1258 adde
1178 1220 1245 1258 inf.
1265 1221 1311 1257 ad

56 1303 152 1327 xxx.
174 1293 234 1328 20.
257 1293 290 1328 3.
311 1294 349 1327 et
367 1289 543 1327 Emendd.
562 1289 674 1338 prior.
695 1302 729 1337 p.
751 1291 811 1324 24.

115 1386 242 1424 —20.
265 1387 302 1424 3.
327 1389 353 1407 “
368 1380 646 1424 celebritatis*
670 1381 761 1435 ejus
782 1380 900 1421 diei.”

109 1467 319 1505 *celebrati
344 1468 450 1505 codd.
479 1467 646 1517 aliquot;
676 1466 805 1515 plures
833 1464 1045 1503 celebritati.
1101 1465 1204 1502 Fort.
1227 1465 1311 1501 cele-

61 1534 205 1572 boatz'ss.
261 1534 317 1572 Of.
348 1533 425 1572 Cic.
446 1534 548 1570 Lael.
576 1535 610 1571 3.
647 1535 705 1569 12.
726 1533 784 1570 De
810 1539 987 1581 corrupto
1009 1534 1137 1569 autem
1170 1531 1310 1580 superl.

60 1600 146 1638 vide
165 1601 342 1638 Emendd.
364 1601 476 1649 prior.
495 1613 532 1649 p.
553 1603 629 1645 49„
657 1598 756 1638 Obss.
778 1598 819 1635 in
843 1599 950 1637 Cart.
972 1611 1009 1647 p.
1033 1601 1109 1644 29„
1140 1598 1214 1637 OC.
1238 1597 1314 1636 SS.

61 1667 101 1704 ‘in
125 1667 274 1704 Sallust.
294 1680 331 1716 p.
355 1669 443 1712 21.;
474 1666 568 1704 adde
586 1665 654 1703 inf.
675 1665 723 1703 ad
753 1665 820 1702 vii.
852 1668 887 1701 2.
922 1668 995 1710 13.‚
1026 1665 1161 1701 xxxiv.
1195 1668 1228 1700 5.
1261 1667 1311 1709 6.,

64 1733 202 1770 xxxix.
225 1736 286 1770 42.
310 1734 389 1771 6-7.

118 1815 260 1854 —57.
285 1812 321 1852 1.
344 1817 554 1853 “tantum
578 1810 747 1853 belli*.”

116 1900 139 1922 *²²
154 1897 283 1934 bellum
300 1897 408 1933 Voss.
429 1899 488 1934 2.:
518 1895 606 1934 vide
625 1895 800 1933 Emendd.
818 1895 931 1944 prior.
952 1907 987 1943 p.
1013 1897 1072 1930 51.
1090 1909 1098 1940 3
1130 1894 1223 1931 adde
1248 1893 1316 1932 inf.

65 1964 112 2000 ad
131 1977 169 2000 x.
192 1966 253 2000 25.
279 1966 335 1999 18.

123 2072 163 2097 v.
194 2057 231 2095 2.
259 2059 297 2097 8.
324 2061 351 2080 ‘⁶
375 2054 499 2096 Hoc.
526 2085 535 2095 .
561 2087 599 2102 .,
634 2061 683 2095 ut
719 2084 727 2093 .
753 2085 758 2091 .
786 2052 1043 2103 ‚facerent‚*
1076 2053 1216 2107 quod*
1243 2084 1251 2093 .
1277 2085 1284 2092 .
1311 2084 1317 2091 .

68 2132 318 2169 exercerent.
381 2125 596 2178 Quidnam
618 2155 628 2165 .
656 2157 662 2164 .
688 2156 694 2162 .
718 2124 763 2164 ?”

57 2237 61 2240 -
117 2213 142 2236 ‘’⁶-
161 2212 276 2248 Recte
303 2210 522 2258 Madvigius
541 2209 722 2247 distinxit
748 2209 860 2258 plene
879 2210 965 2258 post
974 2208 1154 2257 facerent.
1187 2210 1320 2246 Cetera

69 2277 198 2315 malim
216 2277 268 2315 sic
284 2276 461 2320 2-Qudd
478 2288 587 2326 quum
608 2305 615 2312 .
636 2304 645 2312 .
666 2305 673 2313 .
694 2277 906 2321 exercerent,
927 2275 1157 2324 quz'dnam—
1171 2277 1190 2311 f?

127 2382 181 2387 —
196 2357 233 2398 6.
261 2359 325 2398 13.
343 2362 365 2380 ‘⁴
384 2370 462 2397 nec
482 2355 676 2410 cuiquam
697 2354 860 2397 dicere*
884 2368 931 2396 ea
944 2353 1096 2404 licebit,
1117 2354 1319 2409 quae—.''

123 2429 147 2453 ⁹⁵
160 2428 261 2466 Fort.
281 2427 425 2466 hiscere.
