1490 2588
170 149 218 182 44
581 147 999 186 EMENDATIONES

225 275 281 281 —
303 253 371 291 33.
398 253 462 291 10.
487 256 511 276 “
526 250 569 291 in
589 250 882 306 necopinatam
902 251 1093 294 fraudem
1112 251 1275 308 lapsos*
1292 253 1416 295 esse.’'

221 336 245 359 ’Υ-
264 335 356 372 Fort
374 334 415 372 in
425 335 566 383 fraud&
585 334 755 384 delapsos.
811 335 866 373 Cf.
888 335 963 373 Cio.
985 336 1025 373 de
1051 336 1155 375 Orat.
1173 336 1227 375 iii.
1249 340 1309 374 60.
1330 339 1419 374 226.

227 466 282 470 —
304 443 370 483 39.
390 442 427 479 2.
446 445 474 464 “
492 453 534 481 se
552 454 647 481 oum
670 439 855 482 invalido
873 439 1105 491 exercitur,
1126 441 1265 496 quoad
1279 447 1422 482 tutum

178 517 360 566 putaret,
384 511 740 566 progressurum.''

223 597 248 620 ἦ
268 595 614 643 Distinguendum:
648 609 694 641 se,
726 608 803 633 eum
820 595 982 634 invalido
996 596 1153 633 exercitu
1167 596 1284 645 quoad
1306 599 1424 633 tutum

168 664 332 709 putaret,
348 674 640 711 proyressurum.

227 792 284 797 —
305 791 360 797 ——
391 768 451 806 14.
484 772 511 791 “
528 772 807 821 reputantem,
834 799 841 806 .
867 799 873 805 .
900 797 909 806 .
932 781 1059 822 quam
1088 766 1226 809 lenta*
1256 765 1424 808 urbium

173 837 433 893 expugnatio
451 837 593 878 esset.”

224 923 249 945 Ὺ·
276 922 380 959 Fort.
408 934 517 971 quam
555 922 653 958 lenta
687 921 833 959 urbium
870 923 1090 971 expuqnatz'o
1126 934 1182 959 res
1209 923 1309 958 esset.
1366 921 1423 958 Of.

173 988 308 1024 xxxiv.
340 990 401 1024 34.
434 991 481 1032 2.,
507 991 531 1007 “
548 1000 666 1036 quum
695 1001 752 1024 res
776 991 854 1025 tam
885 988 990 1025 lenta
1010 1017 1018 1025 .
1041 1017 1050 1026 .
1074 1017 1082 1024 .
1103 986 1334 1036 oppugnatio
1363 999 1426 1023 ur-

173 1054 279 1090 bium
300 1052 389 1089 sit.’'
445 1052 541 1089 Vide
571 1052 667 1089 Obss.
697 1056 811 1090 nostr.
845 1066 876 1090 a.
906 1056 1017 1090 1863.
1046 1066 1084 1102 p.
1110 1056 1168 1091 14.
1223 1053 1278 1090 At
1300 1055 1428 1090 eontra

175 1119 222 1155 of.
244 1132 280 1156 X.
302 1121 365 1154 41.
390 1120 446 1154 13.

238 1237 288 1242 —-
304 1213 371 1252 43.
389 1211 424 1250 7.
446 1215 474 1235 ‘⁶
491 1224 575 1251 non
590 1208 792 1252 minorem
806 1210 918 1266 apud
935 1210 1059 1260 cives,
1076 1225 1202 1265 quam
1219 1208 1428 1251 hostes*.”

228 1283 252 1306 Χ·
272 1281 408 1319 Iterari
427 1282 622 1330 oportebat
639 1281 970 1331 praepositionem.
1027 1282 1202 1319 Fortasse
1225 1280 1431 1330 postposita

178 1348 263 1393 fuit,
286 1360 393 1397 quam
412 1347 527 1384 hostes
547 1347 655 1394 apud.

236 1452 288 1457 -—
311 1427 377 1470 47.
400 1429 437 1469 9.
463 1425 606 1468 “alter
626 1441 700 1482 per
720 1427 827 1469 vada
847 1433 948 1469 nota
971 1458 980 1467 .
1007 1458 1015 1466 .
1043 1455 1050 1463 .
1073 1424 1317 1467 tranavit*.”

231 1512 255 1534 ⁷³²
275 1511 328 1547 At
346 1510 386 1547 in
404 1510 511 1547 vadis
528 1510 628 1548 notis
647 1511 741 1560 quid
766 1512 890 1548 nando
909 1510 1033 1560 opus?

236 1636 291 1641 -
314 1609 420 1651 Ibid.
451 1609 672 1664 “fessique
697 1610 858 1665 aliquot
886 1613 1058 1652 somno*
1081 1625 1128 1652 ao
1150 1609 1304 1666 vigiliis
1329 1617 1433 1652 ster-

181 1687 289 1722 nunt
309 1694 483 1736 corpora
504 1681 691 1735 passim.'’

233 1766 257 1789 ⁹⁶
277 1766 481 1802 Possumus
513 1765 670 1803 fortasse
697 1765 873 1814 negative
898 1765 1066 1814 accipere
1093 1765 1197 1815 (vide
1220 1765 1267 1803 ad
1289 1764 1342 1802 vi.
1371 1768 1431 1802 41.

183 1832 257 1881 4.);
294 1832 357 1868 sed
376 1830 428 1868 sio
447 1844 566 1868 unum
585 1831 761 1880 idemque
778 1831 836 1868 bis
855 1831 927 1868 erit
947 1831 1103 1869 dietum.
1158 1831 1239 1869 Neo
1257 1831 1351 1869 bene
1368 1830 1436 1867 issa

183 1896 323 1945 aliquot
349 1926 357 1934 .
379 1925 414 1934 ..
440 1897 583 1945 passim
608 1897 723 1946 jungi
752 1897 943 1934 Videntur.
1006 1898 1109 1945 Ergo
1144 1897 1300 1934 fortasse
1330 1896 1437 1934 dedit

185 1962 318 1999 Livius
343 1962 465 1998 z—ita
497 1963 673 2000 desertum
701 1976 723 2000 a
755 1962 903 2000 ducibus
941 1976 1067 2012 aqmen
1090 1962 1214 2011 primo
1236 1975 1304 2011 per
1331 1974 1436 2011 aqros

178 2027 337 2075 palatur
366 2027 505 2077 aliquot
530 2028 648 2075 horas,
666 2028 829 2078 fessique
857 2028 998 2078 υίῃῐῖίίθ
1024 2041 1142 2066 somno
1169 2030 1336 2065 sternunt
1359 2040 1434 2064 cor-

178 2105 275 2141 pora
286 2093 442 2140 passim.
492 2093 549 2130 Cf.
570 2097 629 2131 48.
654 2097 725 2140 16„
750 2098 774 2114 “
788 2094 900 2131 strati
915 2107 1032 2131 somno
1043 2094 1183 2143 passim
1201 2106 1268 2143 per
1287 2092 1432 2142 agros.'‘

244 2195 389 2237 xxviii.
434 2199 473 2237 2.
526 2202 564 2238 4.
609 2202 856 2248 “ceteros*‚
896 2198 1032 2240 levem
1079 2205 1344 2248 armaturam,
1391 2196 1436 2238 in

188 2267 383 2309 subsidiis
404 2268 580 2322 posuit.''

242 2352 265 2375 3⁶·
284 2351 371 2388 Non
390 2351 523 2389 dubito
543 2352 636 2402 quin
655 2353 782 2391 verius
801 2353 945 2391 codices
963 2364 1186 2400 nonvomnes
1201 2352 1367 2401 quidem,
1390 2354 1435 2389 ut
