1490 2588
622 203 916 241 HANNIBAL.

146 306 332 359 profecto
352 307 477 362 longe
497 306 664 361 lateque
686 307 823 349 omnia
844 308 1156 364 circumspicere
1176 311 1332 353 debent
1351 320 1394 354 et

146 390 279 431 modis
300 390 492 432 omnibus
514 390 592 431 sibi
612 405 770 441 cavere,
795 406 846 432 ne
863 391 1037 433 nimium
1057 392 1330 450 intelligendo
1349 395 1393 437 id

144 488 273 514 unum
287 473 480 523 efficiant,
498 474 602 514 nihil
617 481 664 515 ut
679 474 914 529 intelligere
930 475 1165 518 videantur.
1211 478 1229 518 I
1235 479 1261 519 d
1279 481 1392 534 quod

144 571 286 613 reapse
307 556 403 599 vivo
424 564 550 612 atque
571 558 767 600 audiente
792 559 1031 602 Hannibale
1047 560 1171 603 homo
1193 562 1392 605 ridiculus

144 639 366 682 Phormio*
404 641 473 683 ille
509 641 816 697 Peripateticus
852 644 1048 699 suscepit.
1114 644 1223 686 Rem
1252 653 1392 688 narrat

145 724 291 767 Cicero
312 728 360 766 (le
387 727 501 768 Orat.
523 726 563 766 ii.
589 727 654 768 18.
678 729 743 770 75.
760 743 827 766 2-—

198 824 315 860 “Nec
343 823 439 860 mihi
466 837 559 872 opus
587 828 643 860 est
671 824 812 861 Graeco
840 825 967 873 aliquo
998 825 1158 870 doctore,
1198 825 1265 874 qui
1296 825 1391 861 mihi

145 889 404 937 “pervulgata
446 896 647 938 praecepta
683 890 870 936 decantet,
911 903 1031 939 quum
1064 890 1144 939 ipse
1180 903 1390 939 numquam

146 954 320 999 “forum‚
343 967 551 1003 numquam
578 955 702 991 ullum
725 955 918 1005 judicium
945 956 1183 1004 adspexerit3
1213 960 1257 993 ut
1285 957 1388 993 Peri-

145 1024 168 1039 “
185 1020 371 1067 pateticus
398 1020 464 1056 ille
483 1020 622 1057 dicitur
651 1021 838 1066 Phormio,
869 1034 988 1069 quum
1014 1021 1212 1058 Hannibal
1231 1020 1388 1058 Cartha-

144 1086 266 1133 “gine
293 1085 476 1134 expulsus
503 1086 698 1134 Ephesum
726 1087 773 1123 ad
801 1087 1035 1123 Antiochum
1071 1087 1237 1124 venisset
1265 1089 1386 1133 exsul,

145 1156 324 1200 “proque
352 1164 405 1194 eo,
437 1152 539 1200 quod
574 1152 655 1200 ejus
682 1165 818 1189 nomen
853 1156 934 1189 erat
971 1165 1106 1200 magna
1134 1153 1235 1201 apud
1262 1166 1389 1190 omnes

143 1221 168 1236 “
186 1217 316 1265 gloria,
346 1217 532 1254 invitatus
552 1221 647 1254 esset
667 1218 712 1254 ab
731 1218 946 1266 hospitibus
966 1218 1054 1262 suis,
1084 1221 1129 1254 ut
1147 1231 1244 1263 eum,
1276 1231 1389 1266 quem

144 1287 168 1302 ‘⁴
186 1282 279 1327 dixi,
302 1282 333 1318 si
351 1282 480 1326 vellet,
501 1283 660 1327 audiret,
683 1295 875 1331 quumque
893 1283 926 1319 is
945 1295 982 1319 se
996 1295 1073 1319 non
1090 1282 1190 1320 nolle
1205 1282 1386 1329 dixisset;

142 1353 165 1368 ‘⁶
182 1348 330 1385 locutus
349 1361 427 1385 esse
446 1348 586 1385 dicitur
613 1349 722 1385 homo
750 1348 921 1397 copiosus
946 1349 1090 1397 aliquot
1119 1349 1228 1385 horas
1246 1349 1291 1385 de
1317 1348 1386 1385 im-

144 1414 363 1462 “peratoris
400 1414 517 1450 officio
554 1419 591 1451 et
621 1415 664 1451 de
692 1414 794 1451 omni
821 1427 860 1450 re
888 1414 1058 1451 militari.
1127 1414 1236 1459 Tum,
1268 1427 1386 1463 quum

143 1484 167 1499 ‘⁶
181 1480 307 1523 ceteri,
330 1479 396 1528 qui
416 1479 526 1515 illum
553 1479 762 1524 audierant,
783 1480 1028 1516 vehementer
1056 1482 1180 1516 essent
1197 1479 1384 1524 delectati,

143 1546 411 1594 “quaerebant
440 1546 485 1581 ab
514 1546 742 1591 Hannibale,
773 1546 955 1594 quidnam
990 1546 1070 1594 ipse
1098 1546 1144 1582 de
1170 1546 1236 1583 illo
1263 1546 1385 1595 philo-

142 1615 165 1630 “
184 1611 298 1659 sopho
313 1610 511 1659 judicaret.
567 1611 643 1647 Hic
663 1611 822 1655 Poenus,
853 1624 929 1647 non
948 1611 1088 1659 optime
1110 1611 1286 1658 Graece†‚
1317 1612 1382 1648 sed

141 1681 164 1696 ‘³
179 1685 305 1713 tamen
322 1677 439 1713 libere
453 1677 687 1724 respondisse
703 1677 825 1714 fertur
841 1681 919 1713 :—‘
933 1676 1074 1713 illzcltos
1092 1689 1128 1713 se
1147 1676 1276 1713 deliros
1288 1690 1383 1713 senes

182 1795 199 1811 ’κ
227 1797 358 1826 Exstant
374 1796 618 1825 Declamationes
631 1796 709 1825 duae
717 1796 766 1825 Jo.
779 1796 889 1825 Burch.
904 1796 1077 1825 Menckenii
1091 1797 1128 1825 de
1145 1796 1382 1826 Cliarlataneria

140 1854 340 1883 Eruditorum
352 1863 421 1882 eum
432 1853 568 1890 Epistola
585 1852 754 1882 Sebastiani
771 1852 896 1882 Stadelii
910 1854 945 1881 de
960 1853 1080 1882 Circum
1090 1861 1209 1882 'or-anea
1227 1853 1381 1882 Literato-

137 1921 204 1938 rum
228 1910 370 1939 Vanitate
381 1919 393 1942 ;
417 1910 503 1948 cujus
518 1910 638 1948 generis
654 1909 856 1946 principatum
873 1909 959 1938 facile
971 1915 1041 1938 ante
1051 1918 1154 1938 omnes
1170 1908 1274 1946 planos
1285 1908 1381 1937 circu-

136 1965 313 2003 latoresque⁷
331 1969 480 2004 quotquot
495 1965 626 2001 fuerunt,
644 1969 723 2000 sunt,
737 1964 832 1993 futuri
849 1968 929 2001 sunt,
946 1965 985 1994 ad
997 1974 1075 2001 euin,
1094 1963 1266 1993 Hannibale
1281 1973 1381 1992 coram

137 2023 188 2059 qui
205 2023 380 2051 sustinuerit
393 2022 429 2050 de
444 2026 509 2051 arte
525 2021 595 2051 belli
610 2022 773 2059 disputare,
790 2030 895 2050 censeo
911 2021 1114 2050 deserendum.
1159 2020 1241 2058 Ergo
1257 2027 1384 2057 paratus

136 2077 239 2106 fuisset
261 2078 350 2114 idem,
376 2078 492 2115 opinor,
520 2077 653 2106 Homero
676 2078 817 2106 audiente
840 2077 878 2106 ad
901 2082 1060 2114 praecepta
1084 2077 1194 2114 danda,
1229 2076 1379 2114 quomodo

136 2137 286 2170 oporteret
300 2134 417 2170 epicum
434 2134 545 2170 poema
560 2134 698 2162 condere.

180 2192 200 2225 †
223 2190 265 2218 At
280 2190 406 2218 fortasse
428 2189 501 2218 satis
517 2189 591 2218 bene
607 2189 728 2226 Graece,
753 2189 862 2226 quippe
885 2189 936 2227 qui
959 2189 1051 2217 etiam
1068 2186 1181 2217 Graece
1196 2187 1380 2224 conscriptos

133 2245 226 2274 libros
242 2245 357 2283 aliquot
381 2245 542 2282 reliquerit.
588 2245 690 2283 Nepos
705 2245 735 2273 in
748 2244 823 2274 Vita
848 2246 896 2274 13.
922 2245 960 2280 2.,
980 2244 1108 2282 “Atque
1130 2244 1179 2272 hic
1205 2247 1310 2272 tantus
1332 2243 1380 2271 vir

133 2301 287 2338 tantisque
317 2300 403 2329 bellis
425 2301 578 2330 districtus
600 2300 739 2330 nonnihil
766 2301 908 2338 temporis
938 2301 1045 2329 tribuit
1075 2299 1178 2328 literis.
1239 2298 1379 2336 Namque

133 2356 248 2394 aliquot
263 2357 328 2395 ejus
339 2356 406 2386 libri
420 2360 500 2393 sunt,
518 2356 633 2387 Graeco
650 2365 783 2386 sermone
799 2356 937 2395 confecti,
954 2356 985 2385 in
1001 2354 1131 2389 his-;''
1157 2355 1208 2384 ubi
1226 2355 1286 2383 vid.
1300 2355 1376 2383 Bar-

133 2413 230 2441 dilius.
