1490 2588
528 214 788 252 ALTERAE.
1266 218 1287 251 9
1323 262 1326 263 ⁷

93 344 148 350 —
171 322 231 360 13.
255 320 291 362 7.
318 324 437 361 “nee
457 318 700 360 hominum*
717 318 769 360 de
790 318 925 373 plebe,
954 350 960 357 .
986 349 995 359 .
1020 352 1026 358 .
1052 349 1062 368 ,
1087 319 1160 360 sed
1178 318 1289 374 prin-

39 391 149 446 cipes
171 389 441 444 quidam—.’'

91 475 115 499 κ
127 474 266 512 Malles
284 487 346 512 nee
364 487 480 511 omnes
499 474 656 511 homines
676 474 717 510 de
728 473 844 522 plebe.

94 592 150 597 —
172 566 237 609 17.
271 570 312 608 2.
343 567 438 608 “ab
474 580 545 608 ore
580 565 735 607 civium
762 565 913 607 famem
947 566 1057 607 suis*
1094 565 1292 621 impensis

38 637 391 693 propulsantem.''

90 722 114 746 ⁷³²
128 722 231 759 Fort.
250 722 327 759 suis
345 721 473 770 ipsius.
528 721 615 759 Vid.
635 721 752 758 Drak.
775 721 822 757 ad
841 721 903 758 vii.
926 724 988 758 40.
1013 726 1046 758 9.

95 840 150 846 —
174 815 242 855 24.
285 814 350 855 11.
396 819 424 839 “
443 813 624 855 Volsci.
652 846 658 852 .
684 846 690 853 .
713 828 866 868 magna
905 828 1000 868 pars
1040 819 1083 854 et
1118 812 1163 853 in
1202 812 1294 867 ipso

39 885 263 927 certamine
299 891 342 926 et
371 890 467 940 post
496 884 539 925 in
570 884 672 940 fuga
704 884 865 931 oaesi*;
898 883 1027 925 ceteri
1055 883 1099 924 in
1133 882 1293 931 castris,

43 987 52 996 .
76 989 83 997 .
108 987 118 996 .
150 973 158 997 :
179 956 319 1012 plures
340 962 481 997 tamen
501 955 627 1011 eapti,
651 970 777 1011 quam
794 954 956 996 occisi.’'

91 1042 116 1065 ⁷¹⁵
127 1042 230 1078 Fort.
250 1041 345 1078 oaesi
361 1040 540 1090 captique.

96 1135 221 1178 -27.
239 1135 277 1178 7.
299 1139 484 1176 “vocem
500 1132 767 1175 tribuniciam
788 1132 840 1173 de
865 1164 871 1171 .
898 1165 903 1171 .
929 1165 937 1171 .
960 1129 1221 1187 agentem*.’'

94 1219 288 1257 *Mallem
308 1218 460 1269 ayevztis.
517 1217 572 1255 Cf.
591 1217 670 1254 viii.
694 1220 728 1254 6.
753 1221 784 1254 l.

97 1310 168 1352 vii.
192 1312 230 1350 2.
255 1310 319 1352 13.
346 1315 374 1335 “
391 1309 464 1352 vix
484 1309 720 1365 opulentis*
743 1309 884 1364 regnis
905 1307 1207 1350 tolerabilem.''

93 1395 117 1418 ff*
131 1394 224 1432 Fort
242 1393 451 1443 opzclentz'ss.
467 1407 479 1429 .-
507 1393 595 1431 vide
615 1394 662 1431 ad
675 1394 724 1431 iv.
747 1397 808 1431 20.
830 1397 864 1431 3.

97 1491 205 1530 —9.
231 1488 269 1530 7.
302 1492 431 1537 “neo,
468 1486 542 1541 qui
575 1486 828 1542 potirentur,
862 1484 1060 1528 incertis*
1093 1484 1295 1535 viribus*,

42 1557 140 1599 satis
161 1558 339 1600 discerni
358 1558 557 1613 poterat.”
740 1560 743 1562 ’

94 1643 118 1666 ⁷2¹
130 1642 230 1680 Fort.
245 1643 282 1679 in
296 1643 400 1680 certis
415 1642 562 1687 vieibus,
584 1655 699 1691 quam
713 1642 868 1691 utrique
880 1642 922 1679 in
933 1641 1056 1679 vicem
1068 1641 1294 1690 potirentur.

99 1760 154 1766 —-
178 1738 239 1774 10.
264 1735 303 1777 7.
326 1739 350 1758 “
367 1734 491 1775 armis
507 1734 716 1776 habilibus
737 1735 870 1790 magis
891 1749 1018 1789 quam
1039 1733 1267 1776 decoris*.”

95 1819 234 1855 *Foru
256 1818 448 1856 decoribus.
489 1819 587 1857 Vide
607 1820 655 1857 ad
675 1820 829 1857 Sallust.
860 1820 937 1857 Cat.
959 1823 993 1857 7.

99 1935 154 1940 ——
174 1913 235 1951 ll.
258 1915 298 1955 9.
321 1916 346 1935 “
360 1910 520 1953 Fabio*
544 1912 643 1953 satis
664 1912 815 1961 visum,
834 1912 974 1953 ut—.”

95 1995 120 2018 ⁷¹⁵
135 1995 237 2032 Fort.
261 1999 284 2015 “
299 1995 451 2042 Fabius,
474 1996 567 2033 satis
585 1998 713 2042 visum,
728 2000 771 2033 ut
784 2012 855 2041 —3
884 1995 1067 2032 nimirum
1087 1999 1130 2032 ut
1148 1994 1297 2032 senatui

43 2060 181 2109 potius,
204 2074 317 2110 quam
336 2062 466 2108 Fabio,
490 2062 582 2100 satis
600 2063 718 2100 fuerit
730 2063 865 2100 visum.
923 2062 982 2100 Of.
1002 2062 1140 2099 xxxix.
1164 2065 1226 2098 29.
1251 2065 1286 2098 5.

100 2177 156 2184 -—
173 2155 238 2198 19.
260 2157 298 2194 4.
317 2161 339 2178 “
355 2163 403 2196 ut
418 2154 654 2196 Samnites*
671 2169 838 2210 quoque
852 2154 1075 2196 amicitiam
1089 2160 1296 2210 peterent,

47 2223 310 2266 effecerunt.''

0 2334 1 2339 ,
96 2310 120 2334 ⁹⁵
135 2310 239 2348 Fort.
261 2310 302 2348 S.
322 2323 468 2360 quoque,
490 2317 528 2347 ut
557 2323 587 2347 a.
605 2324 658 2359 μ,
679 2309 734 2359 eff.
791 2311 888 2348 Vide
907 2311 954 2348 ad
975 2311 1129 2349 Sallust.
1150 2324 1188 2360 p.
1211 2314 1295 2349 135.

47 2375 65 2411 b
84 2377 121 2412 et
133 2375 215 2415 CO.
237 2375 309 2415 SS.
329 2390 366 2426 p.
387 2379 469 2422 32.;
500 2377 592 2414 adde
611 2376 680 2413 inf.
702 2376 749 2413 ad
767 2376 892 2414 xxxii.
915 2379 948 2415 4.
971 2381 1005 2414 6.
