1490 2588
126 163 172 196 66
541 164 959 204 EMENDATIONES

181 291 235 296 —
248 269 316 307 58.
334 267 372 306 4.
388 273 412 291 “
429 266 574 308 miles*
599 267 651 308 ad
665 283 740 309 sua
755 268 933 324 quisque
947 268 1127 311 tentoria
1144 269 1377 313 discurrit.”

178 350 202 373 ²²
231 350 332 387 Fort.
352 350 498 387 milites.
553 352 650 390 Vide
669 353 716 390 ad
734 353 774 389 ii.
799 354 833 391 7.
858 355 891 390 1.

184 466 239 472 —
261 444 327 483 61.
350 446 387 485 9.
421 449 448 467 “
464 442 619 485 alacres
641 477 648 485 .
674 476 682 483 .
707 477 714 485 .
736 451 834 486 ante
855 448 951 486 ora*
974 459 1048 486 sua
1067 444 1300 488 audivere.”

176 526 201 549 ee
229 526 332 563 Fort.
355 526 439 563 ante
458 530 541 564 aeta
558 540 636 566 sua.

182 642 237 647 —
260 618 326 659 62.
354 621 417 660 10.
451 620 650 660 “urbibus
681 650 690 660 .
717 651 726 661 .
752 651 761 660 .
793 634 999 661 cessurum
1026 620 1249 675 primum*.
1278 619 1379 662 haec

126 686 292 734 legati?

176 773 200 796 ’κ’
230 773 359 811 Scribe
381 786 572 811 cessurum.
627 774 705 812 Per
722 773 956 823 interpretem
974 774 1055 812 haee
1074 774 1195 824 legati.

180 876 282 918 xliii.
318 881 359 919 5.
396 879 432 920 2.
471 885 496 903 ‘⁶
511 893 634 934 agros
657 912 664 920 .
689 910 699 920 .
723 910 732 919 .
753 878 1081 935 depopulatum*
1104 878 1154 921 C.
1186 877 1380 922 Cassium

124 949 279 990 esse*.''

174 1033 310 1062 ⁷⁴⁶—ss
347 1033 524 1082 Suspicor
560 1033 741 1082 supinum
777 1046 856 1071 esse
893 1033 1166 1082 depopulatum,
1206 1046 1273 1082 pro
1310 1045 1380 1070 esse

131 1102 259 1135 autem
269 1098 403 1147 utique
418 1099 486 1135 isse
502 1099 741 1136 scribendum
754 1111 845 1136 esse.
875 1099 932 1136 Cf.
953 1099 1006 1137 iii.
1029 1102 1064 1137 3.
1087 1101 1161 1145 10.,
1186 1097 1378 1148 “popula—

130 1163 267 1201 bandus
283 1164 368 1200 isset
382 1163 422 1205 ;'’
453 1164 587 1201 xxxiv.
611 1167 671 1202 48.
696 1167 743 1210 1.,
777 1164 1042 1213 “populantem
1056 1164 1167 1202 2'sse.'’

191 1280 246 1286 —
267 1282 322 1287 —
342 1259 382 1295 4.
408 1261 436 1281 “
452 1263 623 1311 propter
644 1271 769 1311 quam
791 1260 983 1298 causam*
1005 1256 1166 1299 consuli
1187 1271 1262 1312 pro
1282 1255 1378 1298 hos-

127 1325 243 1368 tibus
265 1326 465 1368 fuerint?

178 1399 203 1422 ‘³⁶
224 1397 330 1435 Stare
348 1399 482 1446 potest,
503 1397 635 1435 fateor.
690 1398 775 1435 Etsi
793 1398 923 1436 mallet
942 1398 1027 1447 quis
1045 1411 1186 1436 noxam.

183 1530 240 1534 —
259 1529 314 1535 —
337 1508 375 1548 9.
398 1511 425 1531 “
439 1511 487 1546 ut
508 1505 712 1548 denorum
739 1520 943 1561 equorum
972 1505 1022 1547 iis
1053 1504 1378 1548 commercium*

129 1562 279 1603 esset.’'
417 1574 419 1576 ·

180 1647 204 1670 '³⁵
223 1647 246 1684 J
248 1659 292 1683 us
324 1646 473 1683 emendi
503 1646 813 1696 interpretantur.
868 1648 922 1684 At
945 1660 1021 1684 non
1044 1647 1165 1695 magis
1189 1648 1236 1684 ad
1253 1660 1378 1685 emen-

132 1712 225 1748 dum
259 1711 426 1761 pertinet
461 1714 702 1750 commercium
731 1726 846 1761 quam
876 1713 924 1750 ad
953 1713 1194 1750 vendendum
1229 1718 1378 1750 mutan-

133 1778 282 1815 dumve.
330 1778 367 1814 N
370 1790 409 1815 ec
431 1780 555 1827 potest
579 1779 844 1816 commercium
867 1778 909 1815 in
935 1778 1091 1815 definito
1113 1792 1270 1816 numero
1294 1780 1379 1816 sub—

135 1842 286 1889 sistere3
324 1843 400 1881 nisi
428 1844 525 1881 forte
562 1844 827 1881 commercium
867 1857 1041 1881 exercere
1078 1844 1154 1882 dici
1189 1847 1314 1893 potest
1351 1845 1383 1881 si

135 1909 221 1958 quis
239 1909 354 1946 semel
371 1909 413 1946 in
430 1909 511 1947 vita
528 1909 673 1958 aliquid
692 1910 794 1948 emit.
847 1911 905 1947 Ac
922 1910 1075 1947 mallem
1088 1913 1196 1947 t—ut
1214 1910 1382 1948 denorum

136 1987 303 2024 equorum
333 1975 383 2012 iis
407 1975 664 2013 commercandi
689 1976 793 2013 venta
819 1978 916 2013 esset.
970 1976 1029 2013 De
1052 1974 1228 2024 gerundii
1255 1978 1382 2013 autem

135 2053 210 2077 usu
223 2040 281 2089 (in
296 2053 370 2089 quo
384 2041 510 2090 potuit
527 2041 700 2079 indoctus
715 2041 891 2079 librarius
904 2041 1073 2092 haerere)
1090 2042 1137 2079 ad
1152 2040 1224 2079 Cic.
1242 2041 1284 2078 de
1295 2041 1380 2079 Fm.

136 2105 162 2142 i.
187 2108 245 2142 18.
269 2108 329 2142 60.

195 2220 252 2226 -
275 2196 341 2237 12.
366 2199 406 2236 3.
441 2197 672 2252 “peditum
704 2197 990 2241 Romanorum
1025 2200 1124 2241 sex*
1150 2198 1292 2249 millia,
1321 2213 1382 2241 so-

141 2266 298 2308 ciorum
321 2298 330 2309 .
357 2297 366 2306 .
391 2298 398 2305 .
419 2267 522 2308 sex*
544 2268 712 2310 mffliass’

192 2352 216 2374 ’ἓ
233 2373 281 2377 -
294 2351 318 2375 ÷÷
337 2350 480 2387 Mirum
504 2351 536 2388 si
561 2352 612 2389 sic
638 2353 892 2402 perfunctorie
914 2353 972 2392 bis
991 2353 1140 2403 scripsit
1162 2353 1294 2392 Livius
1322 2367 1382 2392 sex
