1490 2588
177 191 223 225 16
449 185 878 224 EMENDATIONES
910 185 1176 224 LIVIANAE

222 293 247 316 ἦέ
268 292 309 329 Si
328 303 462 329 verum
479 291 563 335 hoc,
594 289 730 338 utique
749 289 1080 339 interpretandum
1093 289 1232 328 2—sibi
1249 290 1434 329 habitam.

170 358 227 395 Cf.
258 356 355 393 xxii.
385 359 447 392 22.
473 358 545 400 14„
577 354 743 392 “habita
769 355 864 392 fides
890 355 1013 403 ipsam
1039 355 1266 405 plerumque
1292 355 1438 404 obligat

167 422 320 460 fidem.’'
375 422 430 458 At
446 421 602 458 fortasse
620 420 749 469 potius
767 421 904 458 sociem
922 421 1212 458 emendandum.
1264 421 1366 458 Nam
1378 421 1426 459 de

169 486 448 537 permutatione
473 485 628 534 quidem
646 485 764 523 Drak.
785 486 830 523 ad
849 485 1000 522 xxxvii.
1021 488 1082 522 20.
1106 489 1166 532 9.;
1196 486 1242 523 de
1262 498 1427 536 syncopa

170 555 298 590 autem
315 551 417 589 idem
435 551 483 588 ad
500 550 582 588 xxi.
605 551 665 592 17.
685 554 720 587 2.

227 657 333 684 xxv.
362 644 425 683 15.
449 643 514 683 16.
539 647 567 666 “
579 640 756 682 Atinius
774 647 915 682 tamen
933 655 1027 682 oum
1045 641 1191 697 paucis
1206 644 1436 699 receptus.”

226 727 248 748 *
269 739 304 763 se
330 726 466 774 recepit
495 725 600 763 codd.
629 725 788 774 aliquot.
847 725 976 764 Scribe
1003 727 1163 775 recepti.-
1191 740 1228 765 v.
1258 728 1304 765 ad
1333 727 1434 767 xxii.

176 794 235 828 15.
262 794 321 827 10.

226 898 282 903 -
303 897 360 902 -
379 871 442 912 17.
470 874 497 893 ‘⁶
512 867 666 909 Atinio
689 882 784 909 cum
802 867 915 909 suis*
937 868 991 910 ad
1011 883 1124 911 mare
1146 901 1154 911 .
1181 901 1188 907 .
1211 868 1434 911 deducto.”

226 953 247 974 ¹*
267 953 372 989 Fort.
394 964 472 988 eum
492 964 580 988 eura
595 964 606 986 .·
635 964 672 988 v.
695 951 874 989 Emendd.
895 952 1010 1001 prior.
1031 966 1068 1002 p.
1092 955 1153 989 31.

225 1068 283 1076 —-
305 1045 375 1088 27.
402 1047 466 1084 11.
491 1049 519 1068 “
534 1043 656 1098 cujus
677 1042 837 1099 prima*
865 1043 1007 1085 classis
1027 1050 1170 1100 petere
1191 1043 1326 1086 altum
1346 1043 1447 1086 visa.>

172 1114 274 1155 est.”

220 1199 245 1222 ⁹⁶
256 1198 388 1246 prima
406 1196 532 1235 elassis
543 1196 725 1246 profectio
746 1210 771 1234 s.
788 1197 974 1246 provectio
990 1197 1010 1234 ?

225 1314 282 1320 —-
302 1293 372 1333 39.
394 1289 456 1329 16.
480 1294 509 1313 ‘⁶
524 1294 568 1330 et
591 1319 601 1329 .
621 1321 628 1328 .
653 1319 662 1329 .
681 1288 882 1331 miracula
897 1289 1081 1330 addunt:
1104 1288 1314 1330 flammam
1335 1320 1342 1328 .
1362 1321 1371 1331 .
1392 1320 1399 1329 .
1420 1319 1430 1340 ‚

173 1391 183 1401 .
208 1391 215 1399 .
239 1392 247 1400 .
269 1359 523 1414 clipeum*.’'

221 1445 246 1468 ⁷¹⁵
267 1442 370 1485 Quid
386 1441 524 1480 habuit
538 1442 684 1491 clipeus
697 1441 902 1480 miraculi?
936 1443 1038 1490 Ergo
1053 1441 1160 1479 aliud
1173 1455 1289 1491 agens
1300 1442 1434 1481 Livius

166 1507 331 1557 priorem
359 1509 590 1545 structuram
616 1507 758 1544 frustra
786 1507 1038 1545 continuavit.
1091 1507 1191 1545 Vide
1221 1508 1269 1545 ad
1292 1508 1371 1546 Cic.
1391 1509 1438 1551 de.

169 1575 254 1611 Fz'n.
273 1574 297 1610 i.
319 1577 354 1610 2.
377 1576 412 1610 6.
439 1585 475 1610 n.
499 1575 572 1618 10„
603 1572 642 1610 ii.
674 1574 730 1611 17.
758 1576 817 1610 54.
843 1585 880 1609 n.
908 1576 940 1610 3.
998 1573 1062 1609 Ad
1090 1572 1275 1610 miracula
1303 1575 1434 1611 autem

166 1641 265 1689 plur.
288 1638 397 1687 quasi
414 1650 481 1687 pro
501 1637 596 1686 sing.
616 1637 754 1676 adhibe
773 1638 812 1676 ii.
836 1640 870 1676 7.
890 1641 940 1684 2.,
961 1637 1071 1674 xxvi.
1095 1640 1155 1674 19.
1181 1641 1215 1675 8.

224 1742 338 1784 xxvi.
362 1746 431 1784 33.
453 1746 494 1783 3.
519 1747 548 1766 ‘⁶
562 1756 632 1783 eos
655 1773 663 1781 .
689 1772 698 1782 .
725 1773 733 1782 .
757 1746 917 1792 orare*‚
942 1741 1054 1784 cives
1077 1741 1390 1784 Romanos—,⁹⁹

219 1827 244 1850 ἦ
263 1825 427 1863 Mutilus
445 1825 551 1863 visus
569 1828 627 1863 est
647 1825 833 1863 Glareano
851 1826 966 1863 locus.
1013 1826 1189 1864 Fortasse
1208 1826 1262 1864 sic
1281 1825 1434 1876 expleri.

167 1895 292 1940 potest
312 1903 434 1928 :—eos
459 1920 466 1927 .
492 1919 501 1928 .
527 1920 535 1927 .
561 1903 678 1936 orare,
715 1889 840 1942 [orare
873 1890 965 1929 cives
997 1893 1129 1929 eeteros
1163 1891 1366 1940 Campanos
1395 1882 1432 1929 e}

167 1955 321 2006 eosdem]
344 1956 435 1994 cives
453 1956 637 1993 Romanos
648 1971 662 1998 ,·
691 1960 736 1993 ut
755 1957 829 1993 duo
848 1957 1028 1996 versiculi
1048 1956 1272 1994 exciderint.

223 2061 355 2102 xxvii.
380 2065 413 2102 l.
442 2064 508 2102 14.
536 2067 564 2087 ‘⁶
580 2061 761 2103 occidit*
783 2061 1006 2116 principes,
1031 2060 1104 2115 qui
1128 2091 1138 2100 .
1162 2093 1170 2101 .
1195 2092 1202 2100 .
1225 2074 1394 2116 comper

168 2131 308 2172 sunt.'’

217 2215 242 2237 ff·
260 2213 387 2251 Nihili
405 2226 485 2251 esse
499 2214 654 2252 videtur
672 2214 859 2252 occidendi
871 2214 1048 2251 verbum:
1072 2226 1147 2263 quo
1166 2213 1303 2251 omisso
1318 2213 1423 2251 addi
1489 2211 1490 2216 ’

165 2278 342 2316 Rhenani
372 2279 527 2327 quidem
563 2280 682 2317 codex
711 2279 753 2316 in
784 2279 860 2317 fine
885 2281 1081 2327 perempti,
1118 2278 1198 2315 Pal.
1229 2281 1356 2316 autem
1386 2280 1414 2314 3

165 2344 284 2380 securi
308 2345 500 2391 percussit.
556 2345 731 2383 Fortasse
748 2344 1016 2393 t—prz'yzezspes,
1050 2343 1117 2393 qui
1143 2373 1149 2380 .
1178 2373 1185 2380 .
1216 2373 1223 2380 .
1251 2344 1410 2392 compert
