1490 2588
106 2009 110 2012 ·
170 1994 371 2043 marginali
396 1994 501 2037 Quod
511 1993 640 2041 plures
659 1994 779 2030 Poeni
786 1993 982 2042 perierint,
1006 2006 1112 2042 quam
1129 1994 1315 2042 supersint
1330 1996 1421 2032 nata
1456 2010 1457 2022 2

174 240 217 273 12
429 233 851 284 EMENDATIONES
879 234 1143 271 LIVIANAE

225 367 281 372 -
296 341 360 382 18.
382 344 419 381 3.
444 346 468 364 “
486 338 589 379 nihil
610 338 721 379 ultra
743 353 869 393 quam
891 337 1063 387 unum*‚
1084 337 1295 393 quod—.’'

221 427 245 449 ²²⁵²
259 425 414 462 Mallem
434 424 667 472 distinguere
682 436 855 473 :—quam
875 436 987 460 unum
1006 423 1161 472 quod—.

225 544 279 549 —
302 519 368 559 36.
406 519 444 561 7.
483 515 657 557 “Tetra
690 515 749 557 ibi
782 515 958 556 luctatio
993 521 1094 556 erat.
1128 521 1178 556 ut
1208 530 1232 556 a
1263 513 1422 557 lubrica

169 587 302 644 glacie
327 621 333 627 .
359 620 365 627 .
391 618 400 628 .
424 587 640 643 prolapsis,
662 587 815 628 iterum
837 586 1126 628 corruissent.''

222 674 627 715 ssFortassez-,Tetra
654 672 710 710 ibi
738 672 889 709 luctatio
909 675 1001 717 erat,
1022 674 1063 708 ui
1091 684 1114 708 a
1143 670 1283 708 lubrica
1307 670 1423 720 qlaeie

231 755 267 785 .;
299 742 332 777 ei
351 768 359 777 .
383 769 389 775 .
413 768 420 775 .
445 738 646 787 prolapsis,
686 737 823 774 seilicet
859 738 989 775 iterum
1030 737 1218 775 corruisse.
1290 736 1354 774 Sic
1399 749 1423 773 α

167 818 293 854 praep.
325 804 398 842 erit
427 804 609 841 causalis:
652 804 768 841 Drak.
800 804 847 840 ad
873 803 980 841 xxiv.
1016 806 1075 841 30.
1111 806 1144 840 1.
1198 803 1256 840 De
1284 802 1424 840 seilicet

168 875 295 908 autem
315 884 345 908 c.
367 870 473 907 infin.
493 870 594 907 idem
614 870 731 907 Drak.
754 870 801 906 ad
815 869 839 907 i.
853 873 911 907 39.
935 873 969 906 3.
1026 870 1079 907 Et
1092 869 1204 907 facile
1215 871 1364 919 poterat
1376 881 1423 906 80.
1451 916 1454 918 Ι

167 943 257 974 nota
275 936 461 974 excidere.

226 1052 281 1057 —
299 1028 366 1071 37.
390 1028 427 1068 5.
453 1031 480 1051 ‘⁶
498 1027 696 1081 rivosque
717 1027 874 1082 prope*
898 1027 1087 1069 silvas*.’'

220 1113 245 1136 ⁷³²
259 1112 361 1149 Fort.
379 1111 607 1160 prosilientes
621 1124 632 1146 .·
662 1111 709 1148 cf.
731 1111 873 1149 Catuu.
896 1115 957 1149 68.
980 1112 1055 1157 57.,
1079 1114 1102 1132 “
1119 1110 1252 1153 Qualis
1269 1110 1311 1148 in
1329 1110 1423 1148 aerii

167 1177 364 1227 perlucens
395 1177 535 1215 vertice
564 1177 704 1214 montis
735 1178 857 1215 Rivus
887 1190 1014 1215 musco
1035 1177 1191 1226 prosilit
1216 1190 1236 1214 e
1254 1176 1421 1226 lapide.''
1466 1202 1467 1218 2

169 1244 240 1282 Vel
251 1256 371 1292 prope
390 1243 534 1288 solutos,
555 1257 691 1293 nempe
709 1244 840 1292 glacie.

225 1362 280 1368 -—
294 1339 363 1378 38.
380 1339 421 1376 5.
438 1342 466 1361 “
484 1335 659 1392 triginta
675 1350 749 1377 sex
766 1335 895 1376 millia
911 1335 1130 1376 hominum
1146 1367 1153 1375 .
1177 1364 1186 1374 .
1210 1367 1218 1375 .
1239 1334 1423 1377 amisisse
1464 1383 1465 1391 ἵ

168 1407 237 1448 in*
280 1406 477 1448 Taurinis
501 1437 510 1446 .
535 1406 642 1449 ..in
676 1405 846 1447 Italiam
887 1407 1126 1462 degresso*.
1197 1405 1252 1448 Id
1291 1421 1423 1462 quum
1464 1428 1465 1433 =

169 1478 279 1519 inter
299 1492 441 1519 omnes
462 1477 739 1526 constet‚—.’'
1464 1469 1465 1477 ¹

219 1564 244 1587 ὕ
257 1585 309 1591 --
323 1563 347 1586 ⁷²*
367 1563 541 1599 Fortasse
558 1562 795 1598 2—amzsssz'sse.
851 1562 899 1599 In
942 1562 1119 1599 Taurinis
1139 1590 1148 1599 .
1169 1591 1177 1598 .
1202 1591 1211 1598 .
1232 1561 1419 1611 deqressio.

168 1628 268 1666 Nam
286 1628 356 1665 hoc
384 1628 539 1676 quidem
566 1627 665 1672 vult,
687 1627 789 1664 inter
816 1640 945 1664 omnes
975 1632 1155 1673 constare,
1177 1627 1218 1664 in
1246 1627 1422 1664 Taurinis

169 1696 386 1743 degressum
405 1708 496 1731 esse.

228 1788 363 1826 —40.
388 1787 427 1828 7.
461 1792 629 1840 “quum
660 1784 826 1840 plures*
860 1785 1016 1840 paene*
1048 1785 1261 1841 perierint,
1294 1801 1420 1841 quam

171 1856 434 1911 supersunt.”

221 1929 280 1966 2²21
284 1941 344 1965 am
375 1926 476 1964 dixit
499 1927 593 1964 duas
622 1931 748 1976 partes
777 1941 857 1964 esse
880 1927 1046 1964 amissas.
1087 1928 1150 1964 Ex
1179 1927 1421 1965 adnotatione
1458 1941 1459 1944 ¹

171 2073 249 2098 esse
267 2060 358 2097 haec
391 2059 538 2097 censuit
558 2060 753 2097 Gruterus.
804 2059 879 2101 Qui
913 2073 991 2096 non
1017 2060 1129 2108 longe
1162 2061 1303 2106 aberat,
1325 2060 1420 2109 quin

172 2125 319 2175 aliquid
337 2125 494 2162 videret.
513 2126 613 2173 Ergo
631 2138 698 2174 pro
712 2138 826 2173 paene
846 2125 1052 2162 scribamus
1079 2125 1214 2174 utique
1231 2126 1360 2172 Poeni,
1382 2127 1421 2164 et
1455 2138 1456 2143 ¹

170 2191 430 2240 intelligamus
448 2191 576 2239 plures
590 2190 745 2239 periisse
761 2204 875 2240 quam
886 2204 1089 2240 superesse,
1106 2204 1182 2228 non
1195 2191 1418 2239 Hannibali,
1454 2226 1455 2234 ,

171 2257 236 2293 sed
263 2256 415 2293 omnino
436 2256 805 2304 Carthaginiensium
832 2257 1000 2305 imperio.
1057 2257 1112 2295 Cf.
1141 2270 1231 2294 xxv.
1262 2260 1321 2295 12.
1346 2261 1417 2304 14„

175 2328 198 2343 “
213 2323 282 2372 qui
299 2323 424 2372 plures
441 2351 448 2359 .
472 2351 480 2359 .
504 2351 511 2357 .
533 2323 673 2359 milites
694 2336 821 2360 eorum
840 2323 1048 2368 occidisset,
1068 2336 1175 2379 quam
1200 2330 1281 2373 quot
1294 2336 1418 2373 super-
1452 2363 1453 2367 ,

173 2392 285 2427 esseni
298 2388 337 2431 ;’'
359 2389 453 2426 adde
472 2388 555 2424 xlii.
580 2391 613 2424 8.
639 2392 670 2425 1.
1103 2388 1107 2393 ”
