1490 2588
516 163 629 207 LIVI
632 163 706 200 AN
709 163 789 200 AE.
1230 165 1277 197 45

23 269 182 307 credidit
214 269 437 315 Gronow'us,
471 269 536 305 sed
568 271 696 305 tamen
727 267 817 305 satis
847 267 961 304 multi
990 273 1138 304 ceteram
1172 265 1279 302 levem

24 338 265 373 armaturam.
321 335 376 372 Cf.
413 335 489 372 Cic.
529 334 605 373 Cat.
634 334 688 371 M.
723 337 784 370 20.
818 335 891 379 72„
931 333 1121 381 “integra
1151 334 1280 368 mente

25 401 225 449 ceterisque
246 401 418 438 sensibus
433 400 468 446 ;''
497 400 670 437 Cornjfic.
687 400 736 436 ad
751 399 913 436 Heremz.
929 399 982 436 iv.
1002 402 1062 436 44.
1081 399 1154 444 57„
1173 401 1197 417 “
1213 410 1281 446 pro

23 466 154 503 amicis
174 468 213 503 et
242 466 464 515 parentibus
496 469 534 503 et
562 465 683 503 ceteris
704 465 921 502 necessariis
936 463 973 510 ;''
1004 464 1158 502 Sallust.
1192 464 1280 512 ιῙιιιᾳ.

25 536 85 568 92.
110 535 157 577 5.‚
183 535 206 552 “
219 535 299 568 erat
316 531 418 568 inter
435 535 585 568 ceteram
604 530 802 580 planitiem
821 543 927 567 mons
954 542 1089 566 saxeus
1102 531 1138 575 ;”
1157 529 1282 578 ipsum

24 597 108 635 Liv.
145 597 253 634 xxiv.
280 600 313 634 5.
342 600 389 643 3.,
432 601 456 617 “
471 597 681 634 Hieronem
706 596 906 644 filiumque
928 625 935 632 .
960 625 967 632 .
989 625 997 632 .
1018 596 1235 632 differentes
1262 608 1284 631 a

24 662 150 700 ceteris
169 662 315 700 civibus
329 664 366 707 ;'’
393 675 538 699 necnon
558 662 666 698 xxvi.
689 664 751 698 36.
776 664 825 707 8.,
851 664 932 698 “ut
953 691 960 698 .
985 691 992 698 .
1018 690 1025 698 .
1049 661 1193 698 excitet
1212 690 1220 698 .
1241 689 1250 698 .
1273 690 1281 697 .

25 729 168 766 animos
186 728 353 776 primum
371 727 555 776 equestris
575 726 729 773 ordinis,
753 727 841 764 dein
859 726 1021 776 reliquae
1039 726 1200 775 plebis.”
1231 726 1283 763 Et

24 794 65 831 in
82 792 304 843 pronomine
323 793 424 841 quod
443 796 500 830 est
525 793 624 830 alius
644 792 799 841 quidem
825 793 937 841 plane
958 792 1102 829 usitata
1120 805 1180 829 res
1199 795 1277 829 est:

23 859 111 896 vide
129 859 294 897 Walker.
327 859 373 895 ad
400 858 441 895 ii.
471 861 530 898 17.
561 862 606 904 6.‚
633 859 782 897 Walch.
806 858 982 895 Emendd.
1003 871 1067 907 pp.
1099 860 1280 901 58—60.‚

24 938 93 962 nos
113 924 338 962 Am'madvv.
367 924 409 961 in
435 924 614 962 Fronton.
636 937 671 974 p.
694 927 770 969 20„
799 925 846 961 ad
866 923 943 961 Cic.
969 924 1009 960 de
1033 923 1118 960 Fm.
1143 923 1198 960 iii.
1224 925 1281 960 12.

25 994 100 1037 40„
123 991 165 1028 de
187 989 253 1039 Off
275 989 315 1026 fi
339 993 374 1035 9,
399 992 459 1027 31.

81 1096 135 1101 —-
159 1071 196 1109 3.
219 1072 255 1110 1.
282 1074 310 1094 “
325 1068 573 1123 dissipatum
596 1067 776 1123 passim*
799 1066 995 1109 bellum.’'

76 1155 100 1178 2⁸⁶
119 1153 239 1190 Abest
274 1153 420 1200 passim
453 1166 475 1189 a
505 1153 612 1190 codd.
650 1152 796 1202 aliquot
832 1154 869 1189 et
898 1152 980 1189 edd.
1012 1153 1128 1196 vett.;
1167 1150 1283 1200 idque

24 1219 177 1257 videtur
205 1232 224 1256 e
254 1218 508 1267 superioribus
543 1218 685 1256 frustra
718 1218 944 1267 repetitum:
978 1217 1109 1266 quales
1144 1216 1282 1265 repeti-

25 1285 146 1323 tiones
165 1286 266 1334 apud
281 1284 506 1322 Sallustium
522 1287 610 1321 sunt
625 1284 879 1333 deprehensae
898 1284 982 1332 Juy.
1001 1285 1064 1320 43.
1087 1285 1117 1319 1.
1122 1282 1279 1330 foedam,

26 1354 64 1388 et
83 1354 144 1387 61.
167 1353 202 1387 4.
225 1350 328 1387 clam.
377 1349 533 1387 Rectius
553 1352 680 1387 autem
699 1350 805 1387 adest
823 1349 924 1387 idem
944 1349 1166 1386 adverbium
1183 1348 1284 1384 infra

28 1420 63 1453 4.
87 1419 135 1462 3.,
158 1419 196 1453 et
216 1415 370 1465 quidem
394 1428 479 1453 eum
504 1416 655 1464 exegesi
674 1416 827 1465 qualem
855 1415 950 1452 solet
978 1428 1105 1452 secum
1124 1414 1279 1451 afferre:

29 1481 267 1531 “disjectum
287 1481 430 1529 passim
445 1494 518 1528 per
535 1480 808 1529 provz'ncz'am.'’
872 1481 1059 1529 Idemque
1086 1480 1178 1517 licet
1204 1493 1283 1516 sus-

25 1547 146 1596 picari
169 1549 225 1584 16.
245 1550 301 1584 13.
316 1547 495 1583 omissum
514 1560 615 1584 esse:
650 1547 810 1584 “Ceteri
827 1576 834 1583 .
858 1576 865 1584 .
889 1576 896 1583 .
915 1546 1090 1595 dissipati
1105 1546 1284 1594 (pas-scm)

25 1626 93 1662 per
123 1612 316 1662 proximas
345 1612 520 1650 civitates
547 1612 687 1650 sunt:⁷'
719 1613 765 1650 cf.
797 1615 859 1649 20.
896 1614 944 1658 8.,
983 1616 1069 1649 “ex
1103 1611 1285 1660 dissipata

19 1679 162 1728 passim
180 1679 311 1727 fuga.⁷’

82 1783 140 1788 -—
161 1758 199 1798 6.
235 1760 315 1801 9—1
329 1760 362 1797 1.
388 1763 415 1782 ‘⁶
431 1757 544 1798 haud
565 1756 685 1799 facile
705 1755 786 1798 alia
806 1755 997 1797 infestior
1017 1754 1138 1797 classi
1160 1755 1284 1797 statio

27 1834 112 1869 est:
138 1843 265 1869 nam.
293 1860 299 1866 .
326 1859 333 1866 .
358 1827 505 1881 Quum
533 1828 708 1870 classem
737 1834 824 1868 tam
856 1826 1035 1868 infesta³¹÷
1067 1826 1192 1868 statio
1220 1841 1284 1867 ac-

29 1897 154 1952 cepit,
177 1898 365 1940 tum—.''

80 1979 104 2002 ἦέ
124 1978 260 2015 Mallet
288 1977 384 2026 quiS,
415 1976 558 2015 variato
584 1977 763 2026 epitheto,
795 1977 921 2026 infida.
978 1976 1098 2026 Virg.,
1135 1977 1285 2014 “statio

31 2043 214 2093 malefida
233 2043 410 2080 carinis.”

90 2124 185 2166 —7.
209 2124 246 2166 7.
273 2121 484 2162 “inermis
505 2127 633 2176 atque
653 2120 1019 2176 incompositus*.’'

0 2216 1 2280 1
84 2209 108 2231 ⁹⁸²
136 2208 240 2244 Fort.
260 2207 518 2255 incomposite:
548 2207 594 2244 cf.
618 2206 721 2244 Curt.
744 2206 825 2243 viii.
857 2208 916 2244 11.
938 2209 999 2242 22.

90 2311 145 2315 ——
165 2289 205 2330 9.
233 2289 266 2326 l.
293 2292 320 2311 ‘⁶
341 2286 394 2339 Q.
418 2285 575 2327 Fabius
596 2284 800 2326 Maximi*
822 2284 966 2326 filius.''

87 2371 110 2394 κ
138 2371 261 2408 Immo
295 2371 335 2415 Q.
365 2371 409 2409 F.
431 2370 734 2429 Maxz'musfilz'us
748 2385 762 2413 ;
791 2374 829 2408 et
846 2370 1034 2408 Mammas
1048 2371 1128 2420 jam
1147 2372 1289 2408 habent
