1490 2588
536 156 812 194 LIVIANAE.
1251 126 1294 191 41

43 263 138 307 sent,
169 273 281 310 supra
302 259 321 311 ἓ
343 264 376 299 5.
432 261 620 307 Ceterum,
650 260 786 299 mediis
813 259 987 297 omnibus
1014 259 1055 296 in
1084 259 1300 308 parenthesi

43 326 217 375 acceptis,
234 327 429 364 cohaerere
452 327 543 365 haec
556 340 686 364 censeo
700 339 786 364 cum
796 326 876 362 illis
891 338 988 375 quae
1015 323 1034 375 ξ
1052 328 1086 361 5.
1107 325 1301 373 leguntur.

100 464 156 470 —-—
171 441 237 483 27.
256 439 307 479 12
326 445 367 478 ,⁶⁶
383 439 455 494 qui
469 439 674 482 onerarias
687 445 799 480 retro
816 439 858 479 in
876 438 1067 481 Africam
1084 436 1300 493 repetere*

39 509 358 564 juberent‚—.'’

97 608 122 631 ’λζ
149 607 252 644 Fort.
273 620 396 655 repere
410 622 422 644 :
442 607 490 644 cf.
511 608 650 644 Pacuv.
672 608 772 656 apud
787 607 895 644 Varr.
918 607 958 643 de
972 607 1019 643 L.
1035 607 1080 643 L.
1093 606 1158 642 vii.
1178 609 1209 641 2.
1227 608 1299 649 23,Ι

49 675 71 693 ‘⁶
80 673 213 710 Ferme
225 673 380 709 aderant
394 686 554 722 aequore
568 673 609 709 in
624 673 699 710 alto
713 673 876 710 Ratibus
889 671 1137 720 repentibus?
1178 672 1303 708 Idem-

45 751 119 786 que
137 741 175 775 et
192 738 316 783 hodie,
338 738 480 787 opinor,
502 739 661 775 verbum
680 738 726 775 de
745 738 851 775 tardo
870 738 1027 774 navium
1046 749 1159 774 cursu
1178 736 1304 772 nautis

46 807 85 840 et
101 803 149 840 iis
168 803 235 852 qui
254 804 299 840 de
312 804 424 840 rebus
439 803 609 841 scribunt
622 804 785 840 nauticis
799 803 839 840 in
854 816 916 840 ore
931 805 997 840 est.
1038 802 1303 839 Onerariarum

45 870 173 906 autem
200 881 277 905 non
304 871 452 917 poterat
480 882 567 914 non,
600 869 743 918 opinor,
782 869 914 905 tardus
951 881 1030 906 esse
1067 880 1198 905 cursus
1214 882 1220 912 3
1262 875 1305 904 ut

46 934 155 983 quasi
171 934 365 983 proprium
379 935 567 984 quoddam
580 938 618 972 et
632 934 847 983 legitimum
862 935 904 971 in
914 934 975 971 his
989 934 1140 982 rependi
1152 934 1305 970 verbum

46 1000 232 1038 videatur.
289 1000 363 1038 Sed
388 1001 561 1038 haeserat
587 1004 746 1049 repetere
773 1000 814 1037 in
838 1000 962 1037 animo
981 1000 1128 1037 librarii
1147 1012 1195 1036 ex
1216 997 1235 1047 ἓ
1258 1004 1301 1035 6..

49 1069 73 1086 “
88 1067 272 1112 metuens,
303 1078 350 1102 ne
369 1094 377 1102 .
398 1095 407 1103 .
430 1095 436 1102 .
459 1066 587 1103 classis
606 1066 750 1104 Punica
768 1066 941 1116 Africam
960 1065 1174 1115 repeteret.”

103 1195 159 1201 —-
192 1172 257 1211 30.
295 1171 358 1210 11.
394 1170 579 1226 “quia*,
602 1186 656 1213 ne
689 1172 772 1213 suis
806 1171 976 1226 quidem
1006 1170 1106 1212 satis
1138 1170 1307 1211 creden-

47 1241 223 1290 tes‚-—-.”

100 1341 124 1364 ’θ
153 1340 218 1389 qm'
234 1340 333 1377 Flor.
354 1353 376 1377 a
393 1353 442 1377 m.
464 1343 499 1378 2.
553 1341 584 1377 F
588 1343 657 1378 ort.
680 1341 754 1390 qui,
765 1342 847 1390 jczm
866 1353 909 1377 ne
927 1353 954 1377 s.
977 1354 1075 1389 q.—.

106 1470 162 1474 —
193 1446 259 1487 31.
294 1449 333 1486 2.
368 1452 539 1500 “quam
571 1445 903 1487 incolumitatem
940 1445 1018 1487 sibi
1054 1444 1303 1498 liberisque*

51 1515 178 1557 suis.”

103 1616 128 1639 9(-
155 1614 377 1651 Liberorum
396 1614 428 1652 si
445 1613 618 1652 facienda
635 1614 777 1652 mentio
798 1617 889 1660 erat,
911 1614 1084 1651 facienda
1104 1616 1184 1650 erat
1197 1612 1309 1649 etiam

50 1680 266 1730 conjugum.
314 1680 417 1717 Fort.
438 1680 619 1730 rebusque.
669 1681 725 1717 Of.
747 1680 914 1717 xxxviii.
931 1683 993 1717 25.
1014 1681 1063 1724 7.,
1089 1679 1242 1714 “donec
1257 1692 1309 1714 ra«

52 1761 138 1785 suas
156 1776 165 1785 .
188 1777 195 1784 .
220 1777 227 1784 .
249 1760 336 1785 cum
354 1746 579 1796 conjugibus
599 1759 640 1784 ac
659 1747 790 1784 liberis
811 1775 818 1783 .
842 1775 850 1783 .
873 1746 1128 1795 trajicerent.'’

111 1855 220 1897 Ibid.
254 1854 271 1906 ἓ
300 1855 335 1897 7.
370 1861 397 1879 “
416 1853 616 1896 Omnium
638 1853 717 1895 sibi
736 1853 926 1894 laborum
947 1851 1311 1906 periculorumque

92 1958 100 1968 .
127 1957 135 1967 .
156 1940 422 1981 nequaquam
453 1931 620 1966 tantum
651 1925 836 1966 fructum
863 1938 965 1973 esse,
990 1921 1143 1977 quam*
1166 1937 1311 1977 capere

59 1997 284 2053 Syracusas
306 1996 559 2051 potuisse*.'’

107 2097 212 2124 ²²—ss
238 2095 394 2134 Rectius
422 2094 527 2132 codd.
548 2094 721 2143 plerique
740 2094 833 2143 quod
854 2122 860 2129 .
885 2122 892 2128 .
918 2122 924 2128 .
939 2092 1146 2141 potuisset:
1175 2096 1219 2128 ut
1239 2091 1311 2138 sig-

54 2162 183 2200 nificet
200 2162 371 2199 laborum
389 2163 447 2198 tot
464 2162 657 2197 tantorum
675 2162 754 2197 tam
773 2159 1040 2196 diuturnorum
1064 2159 1232 2195 mercede
1255 2158 1312 2194 in-

55 2229 119 2267 ani
138 2232 251 2278 atque
268 2227 504 2265 infructuosa
522 2225 642 2274 gloria
660 2227 792 2274 captae
810 2224 916 2262 urbis
939 2237 1179 2273 nequaquam
1206 2237 1312 2273 posse

56 2308 95 2332 se
116 2296 336 2332 contentum
362 2306 451 2338 esse,
483 2293 547 2329 sed
573 2291 711 2329 victori
738 2290 811 2328 sibi
837 2291 1023 2328 utendum
1050 2303 1129 2328 esse
1157 2289 1314 2326 victoria

57 2374 134 2398 sua.
189 2360 270 2398 Nec
289 2372 395 2397 secus
413 2358 619 2398 Walkerus
638 2359 766 2394 noster
784 2357 952 2406 accipere
970 2356 1130 2393 volebat.

650 2436 673 2460 E
702 2426 724 2459 2
