1490 2588
513 153 789 193 LIVIANAE.
1240 156 1287 191 57

85 257 245 299 xxxvii.
267 262 306 300 5.
334 261 373 300 2.
407 264 436 284 ‘⁶
454 258 534 300 nisi
558 290 567 299 .
593 291 602 300 .
627 290 638 300 .
663 292 672 308 ‚
695 292 704 300 .
729 292 736 299 .
756 293 764 300 .
785 259 896 301 non*
918 258 1226 300 reducturum.”

79 353 103 377 '¹⁶
131 352 326 390 Omittunt
344 366 414 390 non
433 353 525 390 Lov.
551 356 584 390 1.
606 356 644 391 et
664 357 721 391 3.:
744 354 831 391 vide
851 354 899 391 ad
917 353 1024 392 xxvi.
1045 356 1107 390 21.
1129 356 1165 390 4.

83 482 140 487 —
166 461 228 499 15.
250 458 287 499 6.
311 464 335 482 “
350 457 512 508 Patara,
545 465 673 514 caput
703 458 857 514 gentis,
888 459 930 499 in
954 458 1196 501 societatem
1216 457 1289 498 ad-

20 528 303 584 jungenda*.’'

78 627 104 651 ὕ
131 626 397 675 adjunyendum
428 627 532 664 codd.
565 627 723 676 aliquot,
758 631 879 664 recte:
913 626 992 664 vid.
1024 627 1210 675 Krueger.
1249 626 1290 662 de

26 691 196 730 Attract.
219 689 239 741 ἓ
261 695 322 730 23.
377 693 457 729 Neo
475 692 619 730 ratione
640 695 739 729 caret
758 705 828 729 res.
886 692 1037 741 Quippe
1063 705 1142 728 non
1171 692 1217 728 ob
1249 691 1290 728 id

28 758 175 805 Patara,
208 759 310 808 quod
334 759 470 796 Patara
497 762 631 804 essent,
663 758 728 795 sed
751 758 853 807 quod
880 761 995 807 caput
1025 760 1122 795 esset
1147 757 1285 805 gentis,

28 823 176 860 censuit
205 824 459 873 adjungenda.
517 820 574 861 Cf.
607 823 714 861 xxvi.
742 827 776 860 5.
812 827 885 869 11.,
921 824 1085 873 “Major
1106 824 1166 860 vis
1185 851 1194 860 .
1217 852 1224 859 .
1248 850 1256 861 .
1277 853 1286 868 ‚

27 888 225 926 Hannibal
239 892 277 926 et
289 889 421 936 Poeni,
440 889 640 939 uryuebanb
652 889 693 932 ;’'
714 889 848 927 xxxiv.
866 893 927 927 56.
946 893 992 936 3.,
1016 893 1040 911 “
1054 890 1115 927 cui
1129 889 1290 938 Ligures

26 955 222 1003 provincia
239 958 401 993 evenerat
415 954 455 998 ,·’'
485 955 650 992 xxxviii.
678 958 739 993 25.
764 958 834 1002 13„
861 955 941 992 “ni
960 956 1073 993 statio
1092 955 1289 1004 pabulato-

26 1032 123 1065 rum,
155 1021 326 1058 sexcenti
349 1020 506 1070 equites,
543 1020 836 1063 obeurrissent;”
866 1021 1006 1058 xxxix.
1029 1024 1064 1058 8.
1089 1023 1137 1066 7.,
1171 1022 1289 1059 “Nee

25 1098 147 1123 unum
164 1100 284 1136 genus
302 1100 436 1132 noxae,
461 1092 591 1135 stupra
609 1087 823 1136 promiscua
844 1117 851 1124 .
875 1117 883 1124 .
905 1116 914 1125 .
934 1117 943 1134 ,
967 1095 1069 1125 erant
1083 1087 1122 1128 .·⁷’
1152 1088 1206 1124 xl.
1229 1089 1290 1125 57.

29 1155 79 1198 6.,
117 1153 187 1189 “si
217 1155 255 1190 et
283 1152 465 1199 Dardani,
501 1165 594 1201 gens
628 1182 636 1190 .
661 1182 668 1189 .
694 1181 702 1189 .
724 1183 732 1198 ,
779 1152 970 1191 tolleretur
983 1153 1022 1195 ;'’
1052 1153 1121 1190 xh‘.
1147 1156 1204 1190 13.
1239 1156 1286 1197 4.,

30 1218 219 1256 “Lunam
245 1218 391 1256 colonia
422 1247 429 1254 .
463 1248 470 1255 .
502 1219 575 1254 duo
602 1218 725 1255 millia
749 1218 890 1255 civium
909 1248 917 1256 .
941 1249 949 1257 .
970 1222 1055 1256 sunt
1083 1219 1233 1256 dedecora
1246 1218 1290 1266 ;’⁷v

33 1287 92 1321 14.
114 1287 164 1331 9.‚
198 1288 223 1304 “
240 1284 311 1321 Cui
329 1284 437 1321 Pisae
456 1283 652 1333 provincia
670 1283 904 1321 obcem'sset.’⁷

85 1415 143 1421 ——
163 1393 231 1432 43.
260 1394 291 1432 l.
327 1390 568 1432 “Praeerat
598 1390 743 1433 castris
774 1390 838 1432 M.
875 1391 1088 1433 Aemilius
1114 1424 1121 1432 .
1148 1423 1158 1432 .
1183 1424 1191 1432 .
1245 1392 1289 1433 Is

32 1492 40 1499 .
64 1491 74 1501 .
98 1493 105 1501 .
128 1475 224 1503 cum
244 1461 449 1517 praesidio
470 1462 610 1503 omni*
631 1462 853 1503 obcurrit.''

79 1560 105 1583 ἴ*
132 1560 290 1596 omnium
310 1560 415 1597 codd.
435 1560 513 1597 fere
528 1574 536 1606 ;
565 1573 665 1597 unus
683 1573 840 1598 suorum.
893 1560 1067 1598 Fortasse
1086 1574 1164 1598 oum
1176 1574 1287 1609 prae-

28 1624 121 1662 sidio
141 1628 352 1663 castrorum.

86 1754 141 1759 -—
161 1753 217 1758 —
243 1731 283 1771 9.
317 1734 345 1753 “
364 1727 567 1771 Ceterum
591 1727 854 1783 fugientibus
884 1729 1016 1783 major
1045 1729 1190 1784 pestis,
1226 1728 1289 1769 in-

34 1797 246 1840 termixtis
269 1831 277 1838 .
301 1831 309 1840 .
333 1833 340 1840 .
364 1830 373 1848 ,
405 1804 473 1841 et*
496 1814 571 1841 sua
591 1799 778 1855 ipsorum
799 1798 962 1841 turba.’'

85 1897 110 1921 Ψ·
130 1896 262 1934 Potius
281 1910 335 1943 em,
366 1896 509 1946 opinor.

85 2027 142 2032 —
164 2003 230 2042 44.
259 2004 292 2042 1.
318 2007 346 2026 “
363 2001 477 2043 mille
506 2009 549 2043 et
576 2001 877 2057 quadringenti
901 2002 1026 2057 capti,
1065 2007 1133 2044 et*
1164 2002 1287 2057 quin-

29 2071 165 2113 decim
187 2087 282 2114 cum
303 2072 536 2113 rectoribus
558 2072 808 2128 elephanti.'’

78 2165 105 2189 '³⁵
123 2165 319 2202 Fortasse:
352 2163 452 2201 mille
479 2168 513 2201 et
532 2164 795 2214 quadringenti
820 2165 930 2213 eapti.
994 2166 1110 2214 Capta·
1126 2170 1160 2203 et
1179 2167 1284 2216 quin-

30 2230 204 2268 decim—.
237 2234 260 2250 ‘⁴
276 2231 378 2267 Nam
397 2231 443 2267 de
463 2230 679 2278 eiephantis
697 2230 852 2279 quidem
870 2231 1007 2280 potuit,
1030 2232 1174 2281 opinor,
1197 2232 1288 2269 satis

28 2302 211 2333 constare.
268 2296 322 2334 Of.
352 2296 460 2333 xxiv.
498 2299 556 2333 16.
590 2300 639 2343 4.,
676 2296 779 2333 “alii
803 2310 930 2335 omnes
957 2298 1054 2336 caesi
1078 2305 1146 2336 aut
1173 2299 1286 2348 capti.

33 2360 153 2410 Capta
170 2365 205 2399 el}
223 2361 330 2410 signa
349 2362 766 2412 duodequadraginta.'’
