1490 2588
567 129 861 166 HANNIBAL.
1284 134 1327 167 13

89 234 218 276 millia
237 239 336 276 sunt
365 232 486 283 oaesi,
517 233 637 275 facile
663 233 841 275 totidem
868 233 1014 288 opinor
1044 247 1210 275 neeesse
1241 248 1330 277 esse

88 318 327 360 vulneratos
365 316 506 358 fuisse.
574 316 608 358 J
610 331 676 358 am
715 316 822 358 oaesi
860 316 1071 372 saueiique
1113 317 1174 373 (id
1216 319 1331 373 quod

86 402 131 444 in
150 401 368 446 veterum*
388 400 555 458 proeliis
581 400 671 443 fieri
690 400 862 449 solebat,
883 407 933 443 ut
952 401 1133 457 optimus
1153 401 1330 457 quisque

87 492 162 527 aut
193 486 360 528 caderet
385 491 458 527 aut
483 485 756 540 sauciaretur)
790 484 1002 526 fortissimi
1022 485 1101 527 viri
1121 485 1331 528 exercitus

88 575 231 618 erant;
263 575 313 611 ut
332 568 504 610 minime
533 583 706 611 numero
726 568 942 611 hominum
962 569 1219 611 aestimanda
1241 570 1330 624 jae-

88 659 183 695 tura
203 652 270 694 sit.
328 651 389 694 Et
408 651 595 708 profecto
615 651 745 694 nihilo
771 653 905 709 magis
935 659 1100 708 poterat
1120 653 1332 696 Hannibal

87 736 240 791 raptim
260 735 348 778 sine
377 735 502 777 horae
522 750 638 777 mora
660 750 712 777 ex
743 736 831 778 acie
863 735 1072 778 Cannensi
1101 736 1332 779 exercitum

89 821 268 863 Romam
299 820 532 869 admovere,
574 835 699 874 quam
738 826 902 875 poterat
936 821 1112 876 sumptis
1145 821 1223 863 sibi
1257 821 1332 864 alis

89 905 235 947 eodem
255 919 328 960 per
342 905 437 946 aera
451 903 675 959 pervolare.
728 903 912 959 Aliquot
931 911 1044 947 certe
1064 904 1225 946 dierum
1245 920 1332 947 mo-

88 1003 175 1030 ram
204 988 414 1044 interponi
443 1002 610 1030 neeesse
643 994 759 1035 erat3
790 1002 838 1029 ea
866 993 1007 1030 autem
1037 1003 1164 1038 mora,
1195 988 1334 1030 itineri

88 1072 167 1127 ipsi
188 1071 356 1126 quidem
377 1071 534 1121 addita,
563 1086 646 1113 non
676 1077 842 1126 poterat
861 1086 945 1113 non
965 1072 1017 1113 ab
1036 1072 1198 1127 impetu
1222 1074 1334 1114 omni

91 1155 340 1197 Hannibalis
371 1162 507 1196 tutam
533 1155 667 1197 facere
700 1154 889 1196 Romam.
949 1155 1008 1196 Et
1031 1155 1240 1210 quomodo
1261 1157 1334 1198 bo-

88 1254 167 1280 nus
189 1238 407 1280 Maharbal
427 1239 686 1294 persuadeat,
709 1238 857 1294 quinto
879 1238 944 1280 die
964 1239 1197 1294 pedestrem
1218 1254 1335 1282 exer-

91 1323 220 1364 citum
260 1321 404 1363 multis
451 1322 585 1364 modis
625 1322 888 1377 impeditum,
931 1324 1083 1378 praeda
1122 1330 1333 1374 onustum,

91 1406 250 1448 saucios
271 1412 518 1462 gestantem,
537 1406 724 1461 captivos
745 1407 983 1457 ducentem,
1008 1408 1187 1449 Romam
1208 1415 1333 1464 potu-

90 1490 171 1531 isse
191 1489 406 1545 pervenire
420 1490 441 1531 Ρ
472 1489 682 1544 Equidem
697 1490 860 1532 facilius
874 1490 1132 1542 crediderim,
1153 1492 1333 1535 decimo-

91 1573 276 1628 quinto‚†
302 1589 427 1628 quam
448 1574 610 1628 quinto,
639 1573 766 1616 fuisse
786 1582 1099 1630 perventurum.
1160 1575 1221 1618 Et
1240 1583 1333 1618 tum

92 1657 261 1711 quidem
278 1664 435 1712 quanto
450 1672 544 1699 oum
560 1657 741 1700 ludibrio
753 1658 808 1700 ho
815 1659 943 1700 stium
958 1659 1106 1702 fuisset
1123 1659 1343 1719 Hannibal-

138 1806 157 1824 *
182 1803 273 1832 Vidd.
291 1804 516 1834 Freinshemius
540 1806 579 1835 ad
595 1804 680 1835 Curt.
698 1805 741 1836 iii.
762 1808 810 1835 11.
835 1808 882 1843 10,
908 1805 1029 1836 Cortius
1052 1808 1090 1836 ad
1115 1805 1240 1837 Sallust.
1265 1809 1334 1839 Cat.

95 1861 144 1889 61.
164 1862 193 1890 7.
238 1860 356 1897 Nempe
378 1859 400 1889 ii
416 1860 554 1891 solebant
575 1862 657 1899 apud
671 1865 788 1890 veteres
810 1862 860 1890 vel
883 1866 1011 1891 mortem
1034 1868 1173 1901 oppetere
1195 1864 1243 1894 vel
1266 1865 1335 1894 vul—

93 1924 166 1945 nera
182 1916 289 1954 subire,
313 1916 364 1954 qui
387 1917 473 1955 quasi
495 1917 618 1947 obviam
640 1917 817 1947 vulneribus
839 1921 869 1947 et
891 1918 983 1947 morti
1004 1919 1208 1956 prosiliebant.
1254 1918 1336 1950 Con-

94 1976 142 2000 tra
165 1976 268 2001 nostra
288 1972 321 2000 in
343 1972 454 2001 militia
477 1982 537 2001 non
560 1974 653 2002 ferme
675 1974 813 2002 fortiores
837 1974 967 2003 habendi
989 1979 1060 2005 sunt
1077 1975 1128 2014 qui
1150 1977 1263 2006 cadunt
1285 1978 1335 2007 vel

94 2027 303 2062 vulnerantur,
323 2037 414 2067 quam
431 2029 482 2066 qui
498 2029 607 2067 integri
623 2029 790 2058 discedunt.
838 2029 955 2068 Quippe
971 2031 1019 2060 vel
1033 2030 1121 2069 glans
1136 2032 1278 2070 plumbea
1287 2033 1337 2063 vel

94 2083 206 2113 ferreus
229 2083 346 2122 globus,
374 2084 483 2122 quibus
509 2085 644 2114 maxime
667 2085 736 2115 telis
761 2095 805 2115 res
828 2087 952 2124 geritur,
980 2096 996 2116 e
1020 2087 1187 2127 longinquo
1209 2090 1337 2119 emissus

95 2139 179 2169 nullo
195 2139 311 2169 delectu
337 2149 430 2178 aeque
446 2140 551 2170 fortem
567 2146 597 2170 et
617 2141 759 2171 timidum
782 2142 938 2180 percellit3
965 2153 1031 2172 raro
1054 2153 1099 2174 res
1122 2145 1159 2173 ad
1176 2154 1284 2175 manus
1306 2150 1336 2174 et

97 2196 209 2225 serrum
224 2197 316 2226 venit..

162 2253 182 2286 †
207 2253 373 2282 Duodecim
396 2253 557 2283 minimum
582 2255 697 2283 dierum
715 2255 770 2283 iter
791 2255 883 2284 fuisse
907 2257 1053 2286 exercitui
1069 2257 1179 2295 praeda
1193 2257 1338 2295 impedito

98 2312 196 2337 censet
213 2307 285 2338 Mae
299 2309 445 2347 Dougall.
494 2309 551 2339 Sed
568 2314 596 2339 et
612 2309 671 2339 alia
688 2314 802 2347 praeter
818 2312 958 2348 praedam
974 2312 1186 2350 impediebant.

752 2370 805 2404 B*
