<?xml version="1.0" encoding="UTF-8"?>
<!DOCTYPE html PUBLIC "-//W3C//DTD XHTML 1.0 Transitional//EN"
    "http://www.w3.org/TR/xhtml1/DTD/xhtml1-transitional.dtd">
<html xmlns="http://www.w3.org/1999/xhtml" xml:lang="en" lang="en">
 <head>
  <title>
</title>
<meta http-equiv="Content-Type" content="text/html;charset=utf-8" />
  <meta name='ocr-system' content='tesseract 3.04.00' />
  <meta name='ocr-capabilities' content='ocr_page ocr_carea ocr_par ocr_line ocrx_word'/>
</head>
<body>
  <div class='ocr_page' id='page_1' title='image "./emendationeslivi00alleuoft_0160.png"; bbox 0 0 1490 2588; ppageno 0'>
   <div class='ocr_carea' id='block_1_1' title="bbox 136 183 912 221">
    <p class='ocr_par' dir='ltr' id='par_1_1' title="bbox 136 183 912 221">
     <span class='ocr_line' id='line_1_1' title="bbox 136 183 912 221; baseline -0.001 -2"><span class='ocrx_word' id='word_1_1' title='bbox 136 187 183 220; x_wconf 69' lang='lat'>:30</span> <span class='ocrx_word' id='word_1_2' title='bbox 614 183 912 221; x_wconf 77' lang='lat' dir='ltr'><strong>HANNIBAL.</strong></span> 
     </span>
    </p>
   </div>
   <div class='ocr_carea' id='block_1_2' title="bbox 133 287 1387 2163">
    <p class='ocr_par' dir='ltr' id='par_1_2' title="bbox 133 287 1386 496">
     <span class='ocr_line' id='line_1_2' title="bbox 133 287 1384 343; baseline 0.003 -16"><span class='ocrx_word' id='word_1_3' title='bbox 133 287 336 329; x_wconf 89' lang='lat' dir='ltr'>rationem</span> <span class='ocrx_word' id='word_1_4' title='bbox 357 288 537 342; x_wconf 78' lang='lat' dir='ltr'>aliquam</span> <span class='ocrx_word' id='word_1_5' title='bbox 561 287 790 337; x_wconf 80' lang='lat' dir='ltr'>habuisset,</span> <span class='ocrx_word' id='word_1_6' title='bbox 822 287 1029 329; x_wconf 88' lang='lat' dir='ltr'>contraria</span> <span class='ocrx_word' id='word_1_7' title='bbox 1051 287 1151 330; x_wconf 88' lang='lat' dir='ltr'>vitia</span> <span class='ocrx_word' id='word_1_8' title='bbox 1173 289 1384 343; x_wconf 83' lang='lat' dir='ltr'>quaelibet</span> 
     </span>
     <span class='ocr_line' id='line_1_3' title="bbox 133 371 1386 428; baseline 0.002 -17"><span class='ocrx_word' id='word_1_9' title='bbox 133 371 321 427; x_wconf 84' lang='lat' dir='ltr'>fingendi</span> <span class='ocrx_word' id='word_1_10' title='bbox 340 371 550 413; x_wconf 79' lang='lat' dir='ltr'>licentiam</span> <span class='ocrx_word' id='word_1_11' title='bbox 571 371 691 413; x_wconf 85' lang='lat' dir='ltr'>facile</span> <span class='ocrx_word' id='word_1_12' title='bbox 712 387 831 427; x_wconf 87' lang='lat' dir='ltr'>posse</span> <span class='ocrx_word' id='word_1_13' title='bbox 852 371 1034 413; x_wconf 86' lang='lat' dir='ltr'>concedi.</span> <span class='ocrx_word' id='word_1_14' title='bbox 1099 373 1200 428; x_wconf 85' lang='lat' dir='ltr'>Age</span> <span class='ocrx_word' id='word_1_15' title='bbox 1220 373 1386 428; x_wconf 85' lang='lat' dir='ltr'>singula</span> 
     </span>
     <span class='ocr_line' id='line_1_4' title="bbox 135 456 435 496; baseline 0 -1"><span class='ocrx_word' id='word_1_16' title='bbox 135 456 351 496; x_wconf 81' lang='lat' dir='ltr'>videamus</span> <span class='ocrx_word' id='word_1_17' title='bbox 367 471 435 494; x_wconf 91' lang='lat'>:—</span> 
     </span>
    </p>

    <p class='ocr_par' dir='ltr' id='par_1_3' title="bbox 134 537 1387 1772">
     <span class='ocr_line' id='line_1_5' title="bbox 195 537 1384 588; baseline 0.002 -9"><span class='ocrx_word' id='word_1_18' title='bbox 195 545 220 563; x_wconf 74' lang='lat'>⁴⁴</span> <span class='ocrx_word' id='word_1_19' title='bbox 238 537 476 580; x_wconf 84' lang='lat' dir='ltr'>Inhumana</span> <span class='ocrx_word' id='word_1_20' title='bbox 493 539 756 581; x_wconf 87' lang='lat' dir='ltr'>crudelitas.’&#39;</span> <span class='ocrx_word' id='word_1_21' title='bbox 802 538 1102 581; x_wconf 73' lang='lat' dir='ltr'>Crudelitatis*</span> <span class='ocrx_word' id='word_1_22' title='bbox 1122 539 1384 588; x_wconf 85' lang='lat' dir='ltr'>Hannibalis,</span> 
     </span>
     <span class='ocr_line' id='line_1_6' title="bbox 136 622 1386 679; baseline 0 -15"><span class='ocrx_word' id='word_1_23' title='bbox 136 624 169 664; x_wconf 85' lang='lat' dir='ltr'>si</span> <span class='ocrx_word' id='word_1_24' title='bbox 190 630 301 665; x_wconf 86' lang='lat' dir='ltr'>recte</span> <span class='ocrx_word' id='word_1_25' title='bbox 318 624 498 673; x_wconf 80' lang='lat' dir='ltr'>memini,</span> <span class='ocrx_word' id='word_1_26' title='bbox 525 624 715 679; x_wconf 85' lang='lat' dir='ltr'>exempla</span> <span class='ocrx_word' id='word_1_27' title='bbox 732 623 811 664; x_wconf 87' lang='lat' dir='ltr'>tria</span> <span class='ocrx_word' id='word_1_28' title='bbox 831 622 962 664; x_wconf 79' lang='lat' dir='ltr'>tradit</span> <span class='ocrx_word' id='word_1_29' title='bbox 976 622 1137 673; x_wconf 88' lang='lat' dir='ltr'>Livius,</span> <span class='ocrx_word' id='word_1_30' title='bbox 1161 638 1213 664; x_wconf 87' lang='lat' dir='ltr'>ex</span> <span class='ocrx_word' id='word_1_31' title='bbox 1234 622 1386 677; x_wconf 88' lang='lat' dir='ltr'>quibus</span> 
     </span>
     <span class='ocr_line' id='line_1_7' title="bbox 136 709 1386 764; baseline 0.001 -16"><span class='ocrx_word' id='word_1_32' title='bbox 136 723 281 758; x_wconf 88' lang='lat' dir='ltr'>unum,</span> <span class='ocrx_word' id='word_1_33' title='bbox 332 709 553 764; x_wconf 88' lang='lat' dir='ltr'>imperium</span> <span class='ocrx_word' id='word_1_34' title='bbox 602 709 729 757; x_wconf 79' lang='lat' dir='ltr'>istud,</span> <span class='ocrx_word' id='word_1_35' title='bbox 780 724 863 763; x_wconf 92' lang='lat' dir='ltr'>quo</span> <span class='ocrx_word' id='word_1_36' title='bbox 908 709 1162 764; x_wconf 81' lang='lat' dir='ltr'>Saguntinos</span> <span class='ocrx_word' id='word_1_37' title='bbox 1209 709 1386 763; x_wconf 89' lang='lat' dir='ltr'>puberes</span> 
     </span>
     <span class='ocr_line' id='line_1_8' title="bbox 139 792 1386 848; baseline 0.002 -16"><span class='ocrx_word' id='word_1_38' title='bbox 139 807 282 834; x_wconf 90' lang='lat' dir='ltr'>omnes</span> <span class='ocrx_word' id='word_1_39' title='bbox 303 793 482 835; x_wconf 87' lang='lat' dir='ltr'>interfici</span> <span class='ocrx_word' id='word_1_40' title='bbox 500 793 673 848; x_wconf 86' lang='lat' dir='ltr'>jusserit</span> <span class='ocrx_word' id='word_1_41' title='bbox 694 793 794 848; x_wconf 86' lang='lat' dir='ltr'>(xxi.</span> <span class='ocrx_word' id='word_1_42' title='bbox 819 794 883 833; x_wconf 81' lang='lat'>14.</span> <span class='ocrx_word' id='word_1_43' title='bbox 907 795 982 847; x_wconf 86' lang='lat'>3.)‚</span> <span class='ocrx_word' id='word_1_44' title='bbox 1004 793 1145 834; x_wconf 82' lang='lat' dir='ltr'>statim</span> <span class='ocrx_word' id='word_1_45' title='bbox 1165 793 1254 848; x_wconf 82' lang='lat' dir='ltr'>ipse</span> <span class='ocrx_word' id='word_1_46' title='bbox 1274 792 1386 834; x_wconf 80' lang='lat' dir='ltr'>tollit</span> 
     </span>
     <span class='ocr_line' id='line_1_9' title="bbox 136 876 1384 932; baseline 0.001 -15"><span class='ocrx_word' id='word_1_47' title='bbox 136 876 378 931; x_wconf 77' lang='lat' dir='ltr'>fateturque</span> <span class='ocrx_word' id='word_1_48' title='bbox 394 877 437 917; x_wconf 87' lang='lat' dir='ltr'>in</span> <span class='ocrx_word' id='word_1_49' title='bbox 455 884 570 918; x_wconf 84' lang='lat' dir='ltr'>tanta</span> <span class='ocrx_word' id='word_1_50' title='bbox 585 877 756 919; x_wconf 84' lang='lat' dir='ltr'>saevitia</span> <span class='ocrx_word' id='word_1_51' title='bbox 770 877 953 918; x_wconf 87' lang='lat' dir='ltr'>hostium</span> <span class='ocrx_word' id='word_1_52' title='bbox 967 892 1095 932; x_wconf 87' lang='lat' dir='ltr'>prope</span> <span class='ocrx_word' id='word_1_53' title='bbox 1110 877 1384 918; x_wconf 84' lang='lat' dir='ltr'>necessarium</span> 
     </span>
     <span class='ocr_line' id='line_1_10' title="bbox 137 960 1387 1015; baseline 0.002 -15"><span class='ocrx_word' id='word_1_54' title='bbox 137 960 360 1015; x_wconf 88' lang='lat' dir='ltr'>imperium</span> <span class='ocrx_word' id='word_1_55' title='bbox 381 961 492 1002; x_wconf 86' lang='lat' dir='ltr'>istud</span> <span class='ocrx_word' id='word_1_56' title='bbox 515 961 654 1002; x_wconf 89' lang='lat' dir='ltr'>fuisse.</span> <span class='ocrx_word' id='word_1_57' title='bbox 716 961 867 1014; x_wconf 81' lang='lat' dir='ltr'>Quid?</span> <span class='ocrx_word' id='word_1_58' title='bbox 897 976 1034 1002; x_wconf 87' lang='lat' dir='ltr'>nonne</span> <span class='ocrx_word' id='word_1_59' title='bbox 1064 961 1175 1002; x_wconf 90' lang='lat' dir='ltr'>idem</span> <span class='ocrx_word' id='word_1_60' title='bbox 1206 961 1387 1002; x_wconf 87' lang='lat' dir='ltr'>Romani</span> 
     </span>
     <span class='ocr_line' id='line_1_11' title="bbox 136 1044 1387 1101; baseline 0.002 -17"><span class='ocrx_word' id='word_1_61' title='bbox 136 1045 179 1084; x_wconf 85' lang='lat' dir='ltr'>in</span> <span class='ocrx_word' id='word_1_62' title='bbox 201 1045 452 1101; x_wconf 78' lang='lat' dir='ltr'>expugnatis</span> <span class='ocrx_word' id='word_1_63' title='bbox 473 1045 645 1086; x_wconf 85' lang='lat' dir='ltr'>urbibus</span> <span class='ocrx_word' id='word_1_64' title='bbox 677 1045 833 1099; x_wconf 87' lang='lat' dir='ltr'>absque</span> <span class='ocrx_word' id='word_1_65' title='bbox 854 1044 1099 1087; x_wconf 81' lang='lat' dir='ltr'>necessitate</span> <span class='ocrx_word' id='word_1_66' title='bbox 1120 1045 1205 1086; x_wconf 91' lang='lat' dir='ltr'>ulla</span> <span class='ocrx_word' id='word_1_67' title='bbox 1224 1045 1387 1086; x_wconf 86' lang='lat' dir='ltr'>factita-</span> 
     </span>
     <span class='ocr_line' id='line_1_12' title="bbox 135 1128 1384 1185; baseline 0 -17"><span class='ocrx_word' id='word_1_68' title='bbox 135 1136 288 1169; x_wconf 69' lang='lat' dir='ltr'>verunt</span> <span class='ocrx_word' id='word_1_69' title='bbox 309 1129 506 1181; x_wconf 76' lang='lat' dir='ltr'>(Sallust.</span> <span class='ocrx_word' id='word_1_70' title='bbox 543 1129 641 1185; x_wconf 69' lang='lat' dir='ltr'>an.</span> <span class='ocrx_word' id='word_1_71' title='bbox 675 1133 745 1169; x_wconf 83' lang='lat'>54.</span> <span class='ocrx_word' id='word_1_72' title='bbox 774 1130 826 1177; x_wconf 78' lang='grc'>6.,</span> <span class='ocrx_word' id='word_1_73' title='bbox 856 1132 926 1172; x_wconf 76' lang='lat'>91.</span> <span class='ocrx_word' id='word_1_74' title='bbox 949 1131 1003 1177; x_wconf 91' lang='grc'>6.,</span> <span class='ocrx_word' id='word_1_75' title='bbox 1038 1128 1134 1169; x_wconf 83' lang='lat' dir='ltr'>Liv.</span> <span class='ocrx_word' id='word_1_76' title='bbox 1165 1129 1285 1170; x_wconf 77' lang='lat' dir='ltr'>xxvi.</span> <span class='ocrx_word' id='word_1_77' title='bbox 1317 1131 1384 1171; x_wconf 82' lang='lat'>46.</span> 
     </span>
     <span class='ocr_line' id='line_1_13' title="bbox 142 1213 1384 1262; baseline 0.001 -9"><span class='ocrx_word' id='word_1_78' title='bbox 142 1216 220 1262; x_wconf 84' lang='lat'>10.‚</span> <span class='ocrx_word' id='word_1_79' title='bbox 263 1213 377 1253; x_wconf 85' lang='lat' dir='ltr'>xxxi.</span> <span class='ocrx_word' id='word_1_80' title='bbox 415 1216 481 1256; x_wconf 78' lang='grc'>27.</span> <span class='ocrx_word' id='word_1_81' title='bbox 519 1215 573 1262; x_wconf 84' lang='grc'>4.,</span> <span class='ocrx_word' id='word_1_82' title='bbox 608 1213 756 1253; x_wconf 78' lang='lat' dir='ltr'>xxxiv.</span> <span class='ocrx_word' id='word_1_83' title='bbox 796 1215 860 1253; x_wconf 81' lang='lat'>10.</span> <span class='ocrx_word' id='word_1_84' title='bbox 896 1216 948 1262; x_wconf 83' lang='grc'>2.,</span> <span class='ocrx_word' id='word_1_85' title='bbox 983 1213 1120 1254; x_wconf 84' lang='lat' dir='ltr'>Tacit.</span> <span class='ocrx_word' id='word_1_86' title='bbox 1157 1213 1264 1254; x_wconf 80' lang='lat' dir='ltr'>Ann.</span> <span class='ocrx_word' id='word_1_87' title='bbox 1297 1214 1384 1254; x_wconf 81' lang='lat' dir='ltr'>xiii.</span> 
     </span>
     <span class='ocr_line' id='line_1_14' title="bbox 137 1296 1386 1353; baseline 0.002 -16"><span class='ocrx_word' id='word_1_88' title='bbox 137 1298 228 1352; x_wconf 84' lang='lat'>39.)</span> <span class='ocrx_word' id='word_1_89' title='bbox 242 1297 264 1337; x_wconf 71' lang='grc' dir='ltr'>ἶ)</span> <span class='ocrx_word' id='word_1_90' title='bbox 314 1312 455 1338; x_wconf 89' lang='lat' dir='ltr'>nonne</span> <span class='ocrx_word' id='word_1_91' title='bbox 497 1311 544 1338; x_wconf 95' lang='lat' dir='ltr'>eo</span> <span class='ocrx_word' id='word_1_92' title='bbox 585 1296 807 1351; x_wconf 87' lang='lat' dir='ltr'>aliquoties</span> <span class='ocrx_word' id='word_1_93' title='bbox 846 1297 1117 1351; x_wconf 86' lang='lat' dir='ltr'>immanitatis</span> <span class='ocrx_word' id='word_1_94' title='bbox 1157 1304 1256 1338; x_wconf 89' lang='lat' dir='ltr'>sunt</span> <span class='ocrx_word' id='word_1_95' title='bbox 1292 1313 1386 1353; x_wconf 86' lang='lat' dir='ltr'>pro-</span> 
     </span>
     <span class='ocr_line' id='line_1_15' title="bbox 137 1381 1386 1436; baseline 0.002 -15"><span class='ocrx_word' id='word_1_96' title='bbox 137 1381 282 1436; x_wconf 85' lang='lat' dir='ltr'>gressi,</span> <span class='ocrx_word' id='word_1_97' title='bbox 322 1388 372 1421; x_wconf 90' lang='lat' dir='ltr'>ut</span> <span class='ocrx_word' id='word_1_98' title='bbox 406 1381 532 1427; x_wconf 89' lang='lat' dir='ltr'>etiam</span> <span class='ocrx_word' id='word_1_99' title='bbox 571 1381 764 1435; x_wconf 84' lang='lat' dir='ltr'>impubes</span> <span class='ocrx_word' id='word_1_100' title='bbox 797 1389 925 1435; x_wconf 86' lang='lat' dir='ltr'>atque</span> <span class='ocrx_word' id='word_1_101' title='bbox 961 1381 1063 1423; x_wconf 83' lang='lat' dir='ltr'>adeo</span> <span class='ocrx_word' id='word_1_102' title='bbox 1094 1381 1289 1431; x_wconf 83' lang='lat' dir='ltr'>infantes,</span> <span class='ocrx_word' id='word_1_103' title='bbox 1325 1382 1386 1424; x_wconf 85' lang='lat' dir='ltr'>fe-</span> 
     </span>
     <span class='ocr_line' id='line_1_16' title="bbox 137 1458 1386 1519; baseline 0.001 -14"><span class='ocrx_word' id='word_1_104' title='bbox 137 1466 284 1515; x_wconf 85' lang='lat' dir='ltr'>minas,</span> <span class='ocrx_word' id='word_1_105' title='bbox 332 1481 449 1507; x_wconf 89' lang='lat' dir='ltr'>senes</span> <span class='ocrx_word' id='word_1_106' title='bbox 484 1466 741 1507; x_wconf 79' lang='lat' dir='ltr'>trucidarent</span> <span class='ocrx_word' id='word_1_107' title='bbox 777 1465 892 1519; x_wconf 76' lang='lat' dir='ltr'>(Liv.</span> <span class='ocrx_word' id='word_1_108' title='bbox 928 1465 1078 1506; x_wconf 82' lang='lat' dir='ltr'>xxviii.</span> <span class='ocrx_word' id='word_1_109' title='bbox 1102 1470 1171 1507; x_wconf 81' lang='lat'>20.</span> <span class='ocrx_word' id='word_1_110' title='bbox 1207 1467 1261 1516; x_wconf 89' lang='grc'>6.,</span> <span class='ocrx_word' id='word_1_111' title='bbox 1299 1458 1386 1508; x_wconf 83' lang='lat' dir='ltr'>xlii.</span> 
     </span>
     <span class='ocr_line' id='line_1_17' title="bbox 138 1550 1385 1605; baseline 0 -14"><span class='ocrx_word' id='word_1_112' title='bbox 138 1552 208 1591; x_wconf 88' lang='lat'>63.</span> <span class='ocrx_word' id='word_1_113' title='bbox 253 1550 342 1605; x_wconf 85' lang='lat'>10.)</span> <span class='ocrx_word' id='word_1_114' title='bbox 357 1550 377 1590; x_wconf 71' lang='grc' dir='ltr'><strong><em>Ῥ</em></strong></span> <span class='ocrx_word' id='word_1_115' title='bbox 450 1550 668 1598; x_wconf 86' lang='lat' dir='ltr'>Alterum,</span> <span class='ocrx_word' id='word_1_116' title='bbox 717 1550 942 1605; x_wconf 82' lang='lat' dir='ltr'>conjugem</span> <span class='ocrx_word' id='word_1_117' title='bbox 983 1565 1031 1592; x_wconf 87' lang='lat' dir='ltr'>ac</span> <span class='ocrx_word' id='word_1_118' title='bbox 1074 1550 1225 1592; x_wconf 86' lang='lat' dir='ltr'>liberos</span> <span class='ocrx_word' id='word_1_119' title='bbox 1268 1551 1385 1593; x_wconf 88' lang='lat' dir='ltr'>Dasii</span> 
     </span>
     <span class='ocr_line' id='line_1_18' title="bbox 138 1633 1381 1689; baseline 0.002 -16"><span class='ocrx_word' id='word_1_120' title='bbox 138 1633 309 1681; x_wconf 75' lang='lat' dir='ltr'>Affinii,</span> <span class='ocrx_word' id='word_1_121' title='bbox 332 1633 575 1687; x_wconf 86' lang='lat' dir='ltr'>quaestione</span> <span class='ocrx_word' id='word_1_122' title='bbox 597 1634 711 1688; x_wconf 86' lang='lat' dir='ltr'>prius</span> <span class='ocrx_word' id='word_1_123' title='bbox 732 1633 875 1674; x_wconf 83' lang='lat' dir='ltr'>habita</span> <span class='ocrx_word' id='word_1_124' title='bbox 904 1640 946 1674; x_wconf 93' lang='lat' dir='ltr'>et</span> <span class='ocrx_word' id='word_1_125' title='bbox 976 1634 1154 1689; x_wconf 86' lang='lat' dir='ltr'>cognitis</span> <span class='ocrx_word' id='word_1_126' title='bbox 1175 1634 1381 1684; x_wconf 84' lang='lat' dir='ltr'>omnibus,</span> 
     </span>
     <span class='ocr_line' id='line_1_19' title="bbox 134 1717 1382 1772; baseline 0.001 -14"><span class='ocrx_word' id='word_1_127' title='bbox 134 1717 251 1759; x_wconf 75' lang='lat' dir='ltr'>vivos</span> <span class='ocrx_word' id='word_1_128' title='bbox 291 1717 578 1766; x_wconf 83' lang='lat' dir='ltr'>combussisse,</span> <span class='ocrx_word' id='word_1_129' title='bbox 623 1717 737 1757; x_wconf 82' lang='lat' dir='ltr'>xxiv.</span> <span class='ocrx_word' id='word_1_130' title='bbox 780 1721 847 1759; x_wconf 76' lang='lat'>45.</span> <span class='ocrx_word' id='word_1_131' title='bbox 900 1717 1000 1766; x_wconf 82' lang='lat'>14.†‚</span> <span class='ocrx_word' id='word_1_132' title='bbox 1045 1718 1168 1772; x_wconf 87' lang='lat' dir='ltr'>plane</span> <span class='ocrx_word' id='word_1_133' title='bbox 1207 1718 1382 1760; x_wconf 87' lang='lat' dir='ltr'>incredi-</span> 
     </span>
    </p>

    <p class='ocr_par' dir='ltr' id='par_1_4' title="bbox 134 1841 1385 2163">
     <span class='ocr_line' id='line_1_20' title="bbox 179 1841 1381 1884; baseline 0.003 -14"><span class='ocrx_word' id='word_1_134' title='bbox 179 1842 197 1857; x_wconf 38' lang='grc' dir='ltr'><strong>ἦ</strong></span> <span class='ocrx_word' id='word_1_135' title='bbox 222 1842 325 1871; x_wconf 87' lang='lat' dir='ltr'>Etiam</span> <span class='ocrx_word' id='word_1_136' title='bbox 343 1841 479 1872; x_wconf 86' lang='lat' dir='ltr'>Ciceroni</span> <span class='ocrx_word' id='word_1_137' title='bbox 494 1843 525 1871; x_wconf 90' lang='lat' dir='ltr'>in</span> <span class='ocrx_word' id='word_1_138' title='bbox 541 1851 591 1871; x_wconf 88' lang='lat' dir='ltr'>ore</span> <span class='ocrx_word' id='word_1_139' title='bbox 606 1846 652 1872; x_wconf 85' lang='lat' dir='ltr'>est</span> <span class='ocrx_word' id='word_1_140' title='bbox 667 1842 831 1872; x_wconf 79' lang='lat' dir='ltr'>crudelitas</span> <span class='ocrx_word' id='word_1_141' title='bbox 844 1842 1037 1879; x_wconf 85' lang='lat' dir='ltr'>Hannibalis,</span> <span class='ocrx_word' id='word_1_142' title='bbox 1056 1843 1144 1872; x_wconf 83' lang='lat' dir='ltr'>Lael.</span> <span class='ocrx_word' id='word_1_143' title='bbox 1160 1844 1190 1872; x_wconf 90' lang='lat'>8.</span> <span class='ocrx_word' id='word_1_144' title='bbox 1206 1844 1257 1882; x_wconf 83' lang='lat'>28,</span> <span class='ocrx_word' id='word_1_145' title='bbox 1271 1843 1307 1874; x_wconf 78' lang='lat' dir='ltr'>de</span> <span class='ocrx_word' id='word_1_146' title='bbox 1321 1844 1381 1884; x_wconf 84' lang='lat' dir='ltr'>Off.</span> 
     </span>
     <span class='ocr_line' id='line_1_21' title="bbox 134 1897 1382 1936; baseline 0.002 -11"><span class='ocrx_word' id='word_1_147' title='bbox 134 1897 154 1925; x_wconf 85' lang='lat' dir='ltr'>i.</span> <span class='ocrx_word' id='word_1_148' title='bbox 170 1897 218 1925; x_wconf 69' lang='lat'>12.</span> <span class='ocrx_word' id='word_1_149' title='bbox 234 1898 296 1935; x_wconf 65' lang='lat'>38„</span> <span class='ocrx_word' id='word_1_150' title='bbox 314 1901 343 1926; x_wconf 89' lang='lat' dir='ltr'>et</span> <span class='ocrx_word' id='word_1_151' title='bbox 359 1898 491 1935; x_wconf 86' lang='lat' dir='ltr'>quidem,</span> <span class='ocrx_word' id='word_1_152' title='bbox 510 1898 590 1936; x_wconf 87' lang='lat' dir='ltr'>quod</span> <span class='ocrx_word' id='word_1_153' title='bbox 612 1898 846 1936; x_wconf 81' lang='lat' dir='ltr'>indignandum,</span> <span class='ocrx_word' id='word_1_154' title='bbox 875 1899 966 1927; x_wconf 86' lang='lat' dir='ltr'>etiam</span> <span class='ocrx_word' id='word_1_155' title='bbox 991 1908 1086 1936; x_wconf 89' lang='lat' dir='ltr'>quum</span> <span class='ocrx_word' id='word_1_156' title='bbox 1110 1899 1311 1929; x_wconf 83' lang='lat' dir='ltr'>humanitatis</span> <span class='ocrx_word' id='word_1_157' title='bbox 1325 1909 1382 1928; x_wconf 82' lang='lat' dir='ltr'>ex-</span> 
     </span>
     <span class='ocr_line' id='line_1_22' title="bbox 135 1952 1384 1992; baseline 0.004 -12"><span class='ocrx_word' id='word_1_158' title='bbox 135 1952 269 1989; x_wconf 78' lang='lat' dir='ltr'>emplum</span> <span class='ocrx_word' id='word_1_159' title='bbox 292 1953 426 1990; x_wconf 86' lang='lat' dir='ltr'>referret,</span> <span class='ocrx_word' id='word_1_160' title='bbox 457 1954 524 1983; x_wconf 78' lang='lat' dir='ltr'>Cat.</span> <span class='ocrx_word' id='word_1_161' title='bbox 553 1954 597 1982; x_wconf 85' lang='lat' dir='ltr'>M.</span> <span class='ocrx_word' id='word_1_162' title='bbox 624 1955 675 1984; x_wconf 79' lang='lat'>20.</span> <span class='ocrx_word' id='word_1_163' title='bbox 695 1956 756 1991; x_wconf 66' lang='lat'>75„</span> <span class='ocrx_word' id='word_1_164' title='bbox 775 1955 894 1992; x_wconf 86' lang='lat' dir='ltr'>“cujus</span> <span class='ocrx_word' id='word_1_165' title='bbox 918 1955 1078 1984; x_wconf 84' lang='lat' dir='ltr'>interitum</span> <span class='ocrx_word' id='word_1_166' title='bbox 1100 1964 1138 1984; x_wconf 90' lang='lat' dir='ltr'>ne</span> <span class='ocrx_word' id='word_1_167' title='bbox 1161 1956 1384 1985; x_wconf 75' lang='lat' dir='ltr'>crudelissimus</span> 
     </span>
     <span class='ocr_line' id='line_1_23' title="bbox 134 2009 1385 2048; baseline 0.003 -12"><span class='ocrx_word' id='word_1_168' title='bbox 134 2009 254 2045; x_wconf 86' lang='lat' dir='ltr'>quidem</span> <span class='ocrx_word' id='word_1_169' title='bbox 272 2010 367 2038; x_wconf 83' lang='lat' dir='ltr'>hostis</span> <span class='ocrx_word' id='word_1_170' title='bbox 382 2010 493 2038; x_wconf 91' lang='lat' dir='ltr'>honore</span> <span class='ocrx_word' id='word_1_171' title='bbox 509 2010 683 2048; x_wconf 84' lang='lat' dir='ltr'>sepulturae</span> <span class='ocrx_word' id='word_1_172' title='bbox 698 2020 799 2040; x_wconf 88' lang='lat' dir='ltr'>carere</span> <span class='ocrx_word' id='word_1_173' title='bbox 819 2021 924 2048; x_wconf 85' lang='lat' dir='ltr'>passus</span> <span class='ocrx_word' id='word_1_174' title='bbox 948 2011 1022 2040; x_wconf 85' lang='lat' dir='ltr'>est.&#39;’</span> <span class='ocrx_word' id='word_1_175' title='bbox 1070 2011 1170 2047; x_wconf 81' lang='lat' dir='ltr'>Quam</span> <span class='ocrx_word' id='word_1_176' title='bbox 1195 2011 1385 2041; x_wconf 83' lang='lat' dir='ltr'>incredibilia</span> 
     </span>
     <span class='ocr_line' id='line_1_24' title="bbox 134 2066 1382 2105; baseline 0.003 -12"><span class='ocrx_word' id='word_1_177' title='bbox 134 2070 236 2094; x_wconf 84' lang='lat' dir='ltr'>autem</span> <span class='ocrx_word' id='word_1_178' title='bbox 252 2066 304 2094; x_wconf 86' lang='lat' dir='ltr'>alii</span> <span class='ocrx_word' id='word_1_179' title='bbox 313 2066 349 2094; x_wconf 89' lang='lat' dir='ltr'>de</span> <span class='ocrx_word' id='word_1_180' title='bbox 361 2066 536 2095; x_wconf 85' lang='lat' dir='ltr'>Hannibale</span> <span class='ocrx_word' id='word_1_181' title='bbox 552 2067 698 2105; x_wconf 86' lang='lat' dir='ltr'>figmenta</span> <span class='ocrx_word' id='word_1_182' title='bbox 714 2067 905 2104; x_wconf 83' lang='lat' dir='ltr'>tradiderint,</span> <span class='ocrx_word' id='word_1_183' title='bbox 923 2068 1042 2097; x_wconf 82' lang='lat' dir='ltr'>videbis</span> <span class='ocrx_word' id='word_1_184' title='bbox 1051 2068 1132 2105; x_wconf 85' lang='lat' dir='ltr'>apud</span> <span class='ocrx_word' id='word_1_185' title='bbox 1143 2068 1270 2098; x_wconf 85' lang='lat' dir='ltr'>Arnold.</span> <span class='ocrx_word' id='word_1_186' title='bbox 1295 2068 1382 2097; x_wconf 76' lang='lat' dir='ltr'>Hist.</span> 
     </span>
     <span class='ocr_line' id='line_1_25' title="bbox 134 2120 1380 2163; baseline 0.003 -15"><span class='ocrx_word' id='word_1_187' title='bbox 134 2123 173 2160; x_wconf 70' lang='lat' dir='ltr'>cf</span> <span class='ocrx_word' id='word_1_188' title='bbox 182 2123 283 2157; x_wconf 80' lang='lat' dir='ltr'>Rome,</span> <span class='ocrx_word' id='word_1_189' title='bbox 301 2120 362 2150; x_wconf 78' lang='lat' dir='ltr'>vol.</span> <span class='ocrx_word' id='word_1_190' title='bbox 380 2121 423 2150; x_wconf 86' lang='lat' dir='ltr'>iii.</span> <span class='ocrx_word' id='word_1_191' title='bbox 444 2131 472 2159; x_wconf 86' lang='lat' dir='ltr'>p.</span> <span class='ocrx_word' id='word_1_192' title='bbox 494 2123 575 2159; x_wconf 57' lang='lat'>1⁶22,</span> <span class='ocrx_word' id='word_1_193' title='bbox 594 2132 671 2163; x_wconf 86' lang='lat' dir='ltr'>seq.,</span> <span class='ocrx_word' id='word_1_194' title='bbox 692 2133 760 2152; x_wconf 89' lang='lat' dir='ltr'>cum</span> <span class='ocrx_word' id='word_1_195' title='bbox 781 2128 855 2152; x_wconf 86' lang='lat' dir='ltr'>nota</span> <span class='ocrx_word' id='word_1_196' title='bbox 871 2124 1003 2153; x_wconf 83' lang='lat' dir='ltr'>editoris.</span> <span class='ocrx_word' id='word_1_197' title='bbox 1050 2124 1109 2154; x_wconf 87' lang='lat' dir='ltr'>Sed</span> <span class='ocrx_word' id='word_1_198' title='bbox 1124 2124 1256 2162; x_wconf 87' lang='lat' dir='ltr'>aequius,</span> <span class='ocrx_word' id='word_1_199' title='bbox 1267 2124 1380 2161; x_wconf 89' lang='lat' dir='ltr'>opinor,</span> 
     </span>
    </p>
   </div>
   <div class='ocr_carea' id='block_1_3' title="bbox 133 2178 1384 2443">
    <p class='ocr_par' dir='ltr' id='par_1_5' title="bbox 133 2178 1384 2270">
     <span class='ocr_line' id='line_1_26' title="bbox 134 2178 1384 2218; baseline 0.002 -12"><span class='ocrx_word' id='word_1_200' title='bbox 134 2178 297 2216; x_wconf 83' lang='lat' dir='ltr'>aliquando</span> <span class='ocrx_word' id='word_1_201' title='bbox 313 2178 444 2206; x_wconf 85' lang='lat' dir='ltr'>Romani</span> <span class='ocrx_word' id='word_1_202' title='bbox 461 2179 496 2207; x_wconf 89' lang='lat' dir='ltr'>de</span> <span class='ocrx_word' id='word_1_203' title='bbox 514 2178 689 2208; x_wconf 83' lang='lat' dir='ltr'>Hannibale</span> <span class='ocrx_word' id='word_1_204' title='bbox 701 2180 931 2218; x_wconf 85' lang='lat' dir='ltr'>judicaverunt,</span> <span class='ocrx_word' id='word_1_205' title='bbox 947 2181 1022 2209; x_wconf 82' lang='lat' dir='ltr'>adeo</span> <span class='ocrx_word' id='word_1_206' title='bbox 1037 2184 1073 2210; x_wconf 87' lang='lat' dir='ltr'>ut</span> <span class='ocrx_word' id='word_1_207' title='bbox 1088 2178 1183 2209; x_wconf 91' lang='lat' dir='ltr'>Plinii</span> <span class='ocrx_word' id='word_1_208' title='bbox 1200 2180 1384 2218; x_wconf 83' lang='lat' dir='ltr'>tempon&#39;bus</span> 
     </span>
     <span class='ocr_line' id='line_1_27' title="bbox 133 2234 976 2270; baseline 0.004 -9"><span class='ocrx_word' id='word_1_209' title='bbox 133 2235 224 2262; x_wconf 85' lang='lat' dir='ltr'>etiam</span> <span class='ocrx_word' id='word_1_210' title='bbox 242 2238 361 2262; x_wconf 84' lang='lat' dir='ltr'>statuae</span> <span class='ocrx_word' id='word_1_211' title='bbox 377 2234 442 2270; x_wconf 82' lang='lat' dir='ltr'>ejus</span> <span class='ocrx_word' id='word_1_212' title='bbox 458 2235 556 2263; x_wconf 82' lang='lat' dir='ltr'>tribus</span> <span class='ocrx_word' id='word_1_213' title='bbox 571 2235 646 2264; x_wconf 87' lang='lat' dir='ltr'>locis</span> <span class='ocrx_word' id='word_1_214' title='bbox 660 2235 692 2263; x_wconf 92' lang='lat' dir='ltr'>in</span> <span class='ocrx_word' id='word_1_215' title='bbox 709 2236 782 2265; x_wconf 90' lang='lat' dir='ltr'>urbe</span> <span class='ocrx_word' id='word_1_216' title='bbox 797 2235 976 2265; x_wconf 79' lang='lat' dir='ltr'>viserentur.</span> 
     </span>
    </p>

    <p class='ocr_par' dir='ltr' id='par_1_6' title="bbox 133 2289 1383 2443">
     <span class='ocr_line' id='line_1_28' title="bbox 175 2289 1383 2330; baseline 0.003 -13"><span class='ocrx_word' id='word_1_217' title='bbox 175 2291 195 2324; x_wconf 78' lang='lat'><strong>†</strong></span> <span class='ocrx_word' id='word_1_218' title='bbox 221 2289 325 2318; x_wconf 77' lang='lat' dir='ltr'>Liceat</span> <span class='ocrx_word' id='word_1_219' title='bbox 346 2290 445 2327; x_wconf 83' lang='lat' dir='ltr'>ipsum</span> <span class='ocrx_word' id='word_1_220' title='bbox 463 2290 561 2319; x_wconf 80' lang='lat' dir='ltr'>locum</span> <span class='ocrx_word' id='word_1_221' title='bbox 577 2291 674 2320; x_wconf 89' lang='lat' dir='ltr'>obiter</span> <span class='ocrx_word' id='word_1_222' title='bbox 698 2292 857 2320; x_wconf 85' lang='lat' dir='ltr'>emendare</span> <span class='ocrx_word' id='word_1_223' title='bbox 869 2292 942 2321; x_wconf 86' lang='lat'>:—“</span> <span class='ocrx_word' id='word_1_224' title='bbox 956 2291 1134 2321; x_wconf 77' lang='lat' dir='ltr'>crudelitati</span> <span class='ocrx_word' id='word_1_225' title='bbox 1148 2300 1267 2330; x_wconf 87' lang='lat' dir='ltr'>quoque</span> <span class='ocrx_word' id='word_1_226' title='bbox 1278 2293 1383 2330; x_wconf 56' lang='grc' dir='ltr'><em>,(11αυὶ-</em></span> 
     </span>
     <span class='ocr_line' id='line_1_29' title="bbox 133 2346 1382 2387; baseline 0.005 -14"><span class='ocrx_word' id='word_1_227' title='bbox 133 2350 224 2374; x_wconf 79' lang='lat' dir='ltr'>tatem</span> <span class='ocrx_word' id='word_1_228' title='bbox 252 2346 399 2374; x_wconf 85' lang='lat' dir='ltr'>addidit.”</span> <span class='ocrx_word' id='word_1_229' title='bbox 448 2346 521 2376; x_wconf 85' lang='lat' dir='ltr'>Cod.</span> <span class='ocrx_word' id='word_1_230' title='bbox 550 2347 630 2376; x_wconf 92' lang='lat' dir='ltr'>Flor.</span> <span class='ocrx_word' id='word_1_231' title='bbox 649 2353 678 2376; x_wconf 84' lang='lat' dir='ltr'>et</span> <span class='ocrx_word' id='word_1_232' title='bbox 702 2348 754 2376; x_wconf 86' lang='lat' dir='ltr'>alii</span> <span class='ocrx_word' id='word_1_233' title='bbox 779 2348 922 2377; x_wconf 89' lang='lat' dir='ltr'>nonnulli</span> <span class='ocrx_word' id='word_1_234' title='bbox 945 2349 1155 2378; x_wconf 83' lang='lat' dir='ltr'>crudelitatem</span> <span class='ocrx_word' id='word_1_235' title='bbox 1179 2358 1207 2387; x_wconf 87' lang='lat' dir='ltr'>q.</span> <span class='ocrx_word' id='word_1_236' title='bbox 1221 2348 1382 2386; x_wconf 65' lang='lat' dir='ltr'>gravitati.</span> 
     </span>
     <span class='ocr_line' id='line_1_30' title="bbox 135 2402 1382 2443; baseline 0.002 -13"><span class='ocrx_word' id='word_1_237' title='bbox 135 2403 215 2440; x_wconf 77' lang='lat' dir='ltr'>Ergo</span> <span class='ocrx_word' id='word_1_238' title='bbox 228 2402 418 2431; x_wconf 85' lang='lat' dir='ltr'>scribendum</span> <span class='ocrx_word' id='word_1_239' title='bbox 436 2411 541 2431; x_wconf 84' lang='lat' dir='ltr'>censeo</span> <span class='ocrx_word' id='word_1_240' title='bbox 556 2413 560 2430; x_wconf 82' lang='lat' dir='ltr'><em>z</em></span> <span class='ocrx_word' id='word_1_241' title='bbox 573 2403 821 2433; x_wconf 75' lang='lat' dir='ltr'>-crudelitatem</span> <span class='ocrx_word' id='word_1_242' title='bbox 838 2414 955 2443; x_wconf 81' lang='lat' dir='ltr'>quoque</span> <span class='ocrx_word' id='word_1_243' title='bbox 967 2405 1135 2443; x_wconf 78' lang='lat' dir='ltr'>yratuitam</span> <span class='ocrx_word' id='word_1_244' title='bbox 1151 2404 1285 2434; x_wconf 82' lang='lat' dir='ltr'>addidit.</span> <span class='ocrx_word' id='word_1_245' title='bbox 1333 2404 1382 2435; x_wconf 80' lang='lat' dir='ltr'>Cf.</span> 
     </span>
    </p>
   </div>
   <div class='ocr_carea' id='block_1_4' title="bbox 494 2491 507 2507">
    <p class='ocr_par' dir='ltr' id='par_1_7' title="bbox 494 2491 507 2507">
     <span class='ocr_line' id='line_1_31' title="bbox 494 2491 507 2507; baseline 0 0"><span class='ocrx_word' id='word_1_246' title='bbox 494 2491 507 2507; x_wconf 66' lang='grc' dir='ltr'>ἱ</span> 
     </span>
    </p>
   </div>
  </div>
 </body>
</html>
