1490 2588
582 164 880 203 HANNIBAL.
1302 166 1322 198 3
1330 164 1352 199 3

104 275 243 310 autem
275 275 450 311 constat.
512 268 633 310 Licet
665 282 765 322 ergo
799 282 884 309 non
924 268 1090 309 eredere
1120 267 1172 308 de
1209 266 1354 307 crude-

103 353 236 395 litate.
298 352 366 403 Et,
391 352 424 394 si
445 368 551 408 quae
571 359 670 394 sunt
689 353 821 394 ductu
853 351 1106 394 Hannibalis
1132 350 1357 392 crudeliter

103 437 225 486 facta,
248 452 294 478 ea
314 436 465 492 partim
478 437 529 478 ab
543 437 790 491 imperatore
804 437 856 478 ad
871 435 1201 477 Monomaehum
1222 433 1355 481 illum,

104 521 255 576 partim
279 521 328 561 ad
350 535 414 562 res
435 520 544 575 ipsas
574 535 622 562 ae
643 527 830 575 tempora
843 520 986 575 judice
1022 519 1200 574 Polybio
1224 525 1356 558 trans-

102 605 274 646 ferenda
305 611 418 645 sunt.
479 603 592 644 Nam
626 605 815 655 (tertium
850 610 913 645 est
941 602 1204 656 exemplum)
1239 601 1353 655 quod

103 688 355 743 spoliaverit,
395 703 502 741 quae
527 687 636 728 tueri
659 688 866 741 nequiret,
899 695 949 729 ut
968 693 1131 728 vastata
1154 685 1267 726 hosti
1290 700 1353 726 re—

103 771 393 826 linquerentur
424 772 561 823 (xxvi.
586 774 654 813 38.
683 773 758 825 3.),
794 771 947 812 durum
978 784 1098 818 sane3
1131 770 1203 809 sed
1225 769 1353 810 habet

104 855 181 896 hoe
202 856 327 897 etiam
354 855 477 897 hodie
507 855 686 906 bellum,
716 870 794 897 nee
814 869 932 896 secus
952 854 1243 908 imperatorem
1266 851 1354 892 Ro-

102 954 270 980 manum
319 939 475 980 bellum
524 946 737 994 gerentem
785 939 974 980 videmus
1024 938 1135 992 apud
1176 936 1350 977 Livium

103 1023 247 1064 xxxiv.
266 1027 303 1066 9.
332 1023 409 1072 13„
436 1024 504 1064 26.
525 1027 579 1071 8.,
604 1024 670 1064 28.
699 1025 776 1072 12.,
800 1029 842 1064 et
863 1022 1029 1077 passim,
1058 1021 1169 1076 apud
1195 1020 1351 1062 Sallus-

102 1107 207 1147 tium
231 1108 334 1162 Juy.
356 1110 424 1148 54.
446 1109 486 1148 6.

162 1197 189 1216 “
205 1189 388 1231 Perfidia
407 1189 500 1244 plus
522 1204 648 1244 quam
665 1188 859 1230 Punica.''
911 1188 1095 1229 Punicae
1116 1188 1212 1229 fidei
1236 1188 1349 1228 Han-

102 1273 250 1315 nibalis
271 1277 443 1322 unum*,
478 1279 526 1313 ut
548 1273 704 1328 opinor,
732 1272 973 1326 exemplum
999 1272 1162 1313 tradere
1182 1271 1351 1326 profite-

101 1364 171 1397 tur
190 1357 350 1406 Livius,
369 1357 470 1398 xxii.
488 1359 528 1398 6.
550 1358 608 1398 12.
650 1358 714 1398 At
729 1357 865 1411 quale,
884 1358 1067 1405 obsecro,
1087 1357 1322 1411 exemplum
1342 1357 1349 1396 1

101 1439 250 1482 Fidem
283 1440 455 1482 dederat
490 1439 725 1489 Maharbal,
762 1440 995 1495 praefectus
1031 1440 1234 1496 equitum,
1278 1455 1350 1481 sex

100 1524 281 1565 millibus
317 1524 613 1574 Romanorum,
655 1525 729 1579 qui
758 1525 977 1580 eruptione
1012 1526 1122 1566 saeta
1156 1540 1206 1565 ex
1240 1524 1350 1565 saltu

100 1607 335 1649 Trasimeni
356 1615 586 1657 evaserant,
613 1609 647 1649 si
668 1624 781 1649 arma
807 1608 1090 1658 tradidissent,
1123 1608 1234 1650 abire
1254 1623 1349 1649 eum

98 1691 272 1747 singulis
313 1693 571 1734 vestimentis
611 1708 858 1748 passurum;
909 1693 981 1734 sed
1021 1708 1137 1733 suam
1177 1693 1350 1733 dederat

97 1774 235 1823 fidem,
259 1790 342 1816 non
363 1777 554 1817 consulto
574 1776 845 1831 imperatore;
877 1777 948 1818 sed
970 1776 1155 1832 gratuito
1176 1776 1350 1816 dederat

98 1858 185 1898 sine
199 1858 316 1911 justa
336 1873 458 1900 eausa
474 1859 558 1901 ulla
577 1860 759 1909 militari,
784 1875 915 1914 quum
935 1859 1043 1901 ferro
1059 1860 1168 1901 fame
1188 1859 1348 1901 clausos

97 1941 236 1982 hostes
271 1949 444 1991 teneret,
482 1958 611 1997 quum
645 1944 821 1998 eogendi
850 1943 937 1985 sine
963 1943 1200 1985 conditione
1232 1944 1348 1985 dedi-

96 2026 253 2066 tionem
275 2033 526 2080 potestatem
555 2027 737 2068 haberet.
800 2028 908 2080 (Hic
928 2027 1038 2069 idem
1060 2027 1141 2068 fuit
1160 2027 1230 2069 ille
1252 2028 1347 2069 Ma-

97 2110 255 2158 harbal,
289 2110 361 2164 qui
390 2118 533 2165 postea
554 2110 596 2151 in
619 2110 831 2154 Cannensi
851 2111 1026 2153 victoria
1045 2126 1135 2153 eam
1157 2112 1234 2153 sibi
1256 2127 1348 2167 par-

98 2204 181 2234 tem
224 2193 414 2249 sumpsit,
467 2194 751 2237 Hannibalem
791 2203 838 2237 ut
884 2196 1087 2245 edoceret,
1137 2197 1346 2251 quomodo

144 2317 161 2332 '¹⁶
186 2318 333 2348 Perfidiae
362 2317 553 2348 Hannibalis
579 2320 695 2349 duobus
719 2320 869 2360 exemplis
892 2321 990 2351 utitur
1011 2321 1153 2351 Valerius
1176 2321 1343 2351 Maximus.

100 2374 273 2413 Utrumque
290 2375 397 2404 refellit
414 2375 518 2404 Livius
534 2376 625 2404 xxiii.
647 2378 693 2405 15.
712 2381 740 2405 et
754 2379 806 2406 17.
