1490 2588
610 207 904 245 HANNIBAL.
1324 210 1371 243 23

129 319 361 355 uterentur.
423 313 546 354 Dicet
566 312 726 366 aliquis,
758 311 900 353 odium
921 325 1139 353 commune
1159 311 1203 352 in
1223 311 1375 353 Roma-

127 411 202 438 nos
224 396 438 438 vinculum
459 395 701 437 concordiae
720 395 858 436 fuisse.
912 394 1021 437 Satis
1038 394 1259 436 tribuimus
1280 395 1375 437 odio

128 480 208 528 isti,
231 480 330 521 satis
357 479 599 535 disciplinae
626 486 752 534 atque
784 478 863 520 arti
894 478 1158 528 Hannibalis,
1192 478 1225 519 si
1246 479 1376 521 credi-

128 579 220 605 mus
242 571 328 605 tam
348 563 568 605 dissimiles
589 563 649 605 ita
669 563 792 604 simul
808 562 962 604 versari
977 562 1175 617 potuisse,
1200 569 1249 603 ut
1265 562 1376 605 cives

129 648 321 690 domibus
357 648 453 697 suis,
494 647 613 689 tectis
648 647 897 687 militaribus
929 647 980 687 ab
1015 645 1115 700 ipsis
1149 646 1376 688 aedificatis

128 732 282 773 milites
300 730 546 772 Hannibalis
567 730 651 771 sint
673 730 747 771 usi.
803 732 866 770 At-
888 730 985 784 quid
1005 729 1241 779 dicendum,
1264 731 1376 785 quod

128 815 396 871 gravissimus
409 823 554 856 auctor
568 813 779 868 Polybius,
799 813 1140 869 diligentissimus
1157 814 1244 856 veri
1259 815 1377 856 inda-

128 906 262 953 gator,
286 905 330 938 et
350 897 463 938 omni
484 897 565 938 fide
595 896 877 952 dignissimus⁷
908 897 1019 938 inter
1047 897 1191 939 laudes
1214 897 1377 940 Hanni-

126 981 231 1023 balis
249 982 377 1038 ponit,
400 981 511 1036 quod
528 996 755 1036 numquam
771 996 844 1036 per
859 982 1073 1023 sexdecim
1086 997 1229 1032 annos,
1254 982 1376 1023 Cam-

130 1081 236 1121 pana
269 1066 349 1107 ista
382 1066 518 1108 hieme
552 1081 637 1107 non
667 1073 855 1121 excepta,
896 1065 975 1106 nisi
1015 1066 1091 1107 sub
1132 1066 1200 1108 dio
1240 1067 1377 1121 copias

129 1148 353 1191 habuerit?
402 1149 462 1191 Et
491 1150 701 1205 superiore
721 1164 843 1198 anno,
867 1164 997 1203 quum
1018 1156 1182 1204 pararet
1203 1149 1378 1193 Geronii

130 1234 311 1275 hiemare
345 1233 470 1290 (xxii.
493 1235 561 1276 523.
585 1235 658 1288 9.),
698 1234 800 1275 urbe
836 1240 952 1275 metu
972 1234 1022 1275 ab
1043 1233 1189 1276 incolis
1214 1234 1377 1276 deserta

132 1319 207 1370 (18
244 1317 347 1371 7.),”ᾖ
369 1317 561 1358 noluerat
591 1317 787 1358 aedificiis
822 1317 900 1358 nisi
919 1332 994 1372 pro
1014 1317 1171 1359 horreis
1196 1319 1272 1368 uti,
1307 1333 1379 1360 ex-

131 1401 306 1442 ercitum
329 1412 446 1442 extra
465 1401 628 1442 moenia
651 1400 795 1442 castris
822 1401 992 1442 munitis
1014 1401 1208 1443 habebat.
1271 1402 1378 1455 Quis

131 1484 273 1525 credat
294 1499 393 1540 ergo
410 1492 482 1525 aut
499 1484 792 1534 Hannibalem,
815 1485 918 1526 adeo
931 1492 1094 1526 mutata
1107 1487 1267 1528 ratione
1288 1502 1375 1536 sua,

130 1568 283 1610 milites
303 1584 377 1623 per
397 1569 541 1610 domos
564 1569 871 1624 Campanorum
905 1571 1113 1625 sparsisse,
1142 1578 1229 1620 aut,
1252 1573 1378 1614 semel

129 1651 324 1706 dispersis
354 1652 570 1702 militibus,
603 1653 732 1693 ullam
752 1653 932 1708 speciem
964 1655 1172 1696 exereitus
1193 1657 1378 1711 potuisse

129 1735 226 1777 inde
250 1736 396 1777 exire?
427 1735 528 1777 Jam
549 1751 647 1778 vero
664 1737 777 1791 quod
799 1737 926 1779 tradit
943 1738 1092 1780 Livius
1112 1739 1241 1780 xxvii.
1265 1742 1301 1781 3.
1324 1742 1377 1793 2.,

131 1818 186 1871 Q.
209 1818 409 1860 qulvium
430 1819 630 1862 Flaccum
665 1821 810 1876 Capua
844 1830 965 1876 capta
996 1823 1151 1864 milites
1182 1824 1379 1866 aedificiis

132 1911 305 1951 emoto-s,
342 1903 465 1944 simul
486 1912 534 1944 ut
555 1919 649 1945 cum
676 1920 776 1960 agro
806 1913 918 1947 tecta
938 1906 1052 1948 urbis
1078 1907 1253 1949 fruenda
1273 1908 1379 1950 loca-

132 1992 288 2034 rentur,
322 1985 445 2027 simul
477 1995 680 2036 metuens,
714 2004 766 2029 ne
797 2005 919 2030 suum
940 2005 1108 2045 quoque
1129 1992 1376 2043 exercitum,

132 2069 240 2110 sicut
262 2069 527 2120 Hannibalis,
559 2072 686 2113 nimia
707 2073 821 2115 urbis
842 2076 1069 2117 amoenitas
1091 2077 1310 2128 emolliret,
1336 2079 1378 2119 in

131 2153 262 2207 portis
284 2153 494 2208 murisque
510 2154 676 2197 sibimet
688 2156 798 2212 ipsos
815 2165 926 2199 tecta
939 2158 1174 2202 militariter
1195 2162 1380 2217 coegisse

178 2263 197 2279 ³⁶
231 2264 325 2293 ’ΜΝΞ
418 2266 542 2295 tradidit
560 2266 713 2306 Polybius.
760 2269 929 2299 Lubentius
952 2271 1009 2300 hac
1034 2273 1156 2310 quidem
1179 2273 1210 2301 in
1234 2282 1265 2302 re
1289 2272 1380 2303 Livio

73 2320 266 2375 Ciplinam
298 2336 394 2362 sevo
418 2323 423 2331 “
442 2323 558 2352 utrovis
574 2324 672 2363 modo,
698 2325 760 2354 sive
775 2327 848 2364 fuga
864 2327 1085 2364 oppidanorum
1100 2329 1166 2359 sive
1189 2339 1242 2367 per
1257 2331 1380 2360 caedem

133 2386 198 2405 „ive
215 2391 311 2415 ini-usp
377 2405 396 2428 ἱ,
414 2378 443 2407 'o
459 2388 556 2407 vacua
570 2379 651 2409 facta
667 2381 748 2417 urbe,
765 2385 867 2411 tamen
889 2383 986 2412 noluit
1004 2384 1160 2414 Hannibal
1175 2386 1379 2416 aedificiorum

134 2441 223 2462 usum
239 2420 378 2464 mffitibrp
388 2420 419 2444 μ’
449 2435 572 2465 ‘cedere
