1490 2588
170 219 190 252 6
438 216 855 254 EMENDATIONES
883 217 1148 255 LIVIANAE

233 324 366 364 -27.
402 322 439 360 2.
474 319 645 373 “Quod
675 319 748 362 ubi
777 320 845 361 cui
876 320 998 363 militi
1027 321 1272 372 inciderat*,
1305 322 1428 364 colle-

184 408 282 448 gam
303 390 580 447 adpellabat.''

232 479 256 500 ⁷³²
276 478 378 513 Fort.
399 478 507 512 —ret
520 489 531 511 .·
560 475 606 512 cf.
625 475 679 512 iii.
706 479 761 512 19.
782 479 831 521 4.,
866 479 890 496 “
905 475 969 513 uba·
984 488 1044 513 res
1061 480 1228 526 posceret
1241 477 1282 519 ;''
1312 481 1351 514 et
1370 480 1430 514 65.

184 548 233 587 8.,
259 548 281 562 “
298 542 362 578 ubi
377 540 522 578 tribuni
540 541 685 577 auxilio
704 541 971 578 humilioribus
990 546 1103 580 essent
1114 542 1154 583 ;''
1184 542 1264 580 viii.
1296 546 1330 580 8.
1356 546 1430 590 12.,

184 608 266 644 xxi.
288 609 350 643 35.
371 610 418 651 4.,
442 609 503 643 42.
524 608 574 652 4.‚
597 609 658 643 46.
683 610 732 652 6.,
754 606 852 643 xxii.
875 609 909 644 2.
931 608 979 652 7.‚
1004 607 1139 645 xxviii.
1161 610 1222 647 25.
1242 611 1289 654 5.,
1311 621 1433 647 xxxv.
1481 613 1488 617 ’

186 676 247 709 28.
283 675 332 718 2.,
362 672 532 709 xxxviii.
557 674 591 711 7.
624 675 695 718 10.,
717 673 771 709 xl.
799 675 858 709 30.
886 675 940 717 5.;
982 673 1066 712 add.
1087 674 1296 712 Weissenb.
1326 675 1374 712 ad
1408 675 1432 713 i.

188 742 248 775 82.
274 742 333 775 13.
390 739 547 775 Necnon
565 738 749 776 videndae
776 739 954 775 Emendcl.
974 739 1088 787 prior.
1107 752 1142 788 p.
1164 743 1220 786 3.;
1252 741 1346 778 adde
1364 740 1434 779 inf.

185 806 231 842 ad
250 804 332 842 viii.
353 808 386 842 9.
409 807 468 841 12.

243 910 298 914 -
319 909 373 914 -——
397 884 433 924 8.
466 889 493 908 “
513 882 748 939 Desperato
773 883 884 925 enim
912 884 1155 926 consulum*
1184 892 1437 942 senatusque

185 953 452 1004 auxilio‚—.’'

281 1040 416 1083 Immo,
438 1037 582 1087 opinor,
605 1037 774 1075 consulis.

244 1159 300 1164 —-
322 1132 387 1172 31.
420 1135 458 1172 5.
493 1137 520 1156 “
538 1136 588 1172 ut
612 1162 619 1170 .
644 1164 650 1171 .
678 1130 776 1171 dn*
811 1131 1032 1172 adversos*
1061 1132 1250 1174 montes*
1287 1146 1438 1187 agmen

188 1203 404 1258 erigeret.''

239 1290 263 1312 ³²²
283 1287 440 1324 Mallem
459 1287 604 1323 adverso
633 1288 762 1323 monte.
818 1286 872 1324 Cf.
905 1289 967 1323 51.
991 1288 1036 1332 7.,
1060 1290 1085 1306 “
1100 1286 1246 1324 adverso
1263 1287 1288 1325 J
1290 1287 1439 1325 aniculo
1487 1321 1490 1323 .

195 1384 200 1389 ,
224 1383 232 1390 .
256 1384 262 1389 .
285 1354 402 1390 aciem
422 1352 583 1390 erexit.⁷’
640 1352 751 1388 Adde
772 1351 924 1389 Sallust.
949 1353 1037 1402 Juy.
1058 1355 1116 1389 52.
1137 1355 1170 1390 3.

247 1447 306 1487 iii.
330 1447 368 1487 8.
391 1451 428 1488 8.
455 1446 583 1500 “jam
603 1451 701 1486 ante
722 1444 954 1500 exploratis
974 1444 1195 1487 itineribus
1216 1445 1366 1487 suis*.’'

245 1533 269 1555 “⁶²
288 1532 391 1568 Fort.
412 1530 618 1567 breve'ssnz‘s.

249 1650 303 1654 —-
325 1624 391 1664 20.
414 1625 453 1664 ὃ.
479 1629 507 1647 “
522 1622 751 1664 dictatore*
775 1636 879 1677 opus
901 1636 989 1663 esse
1008 1622 1299 1678 reipublicae.’'

246 1710 270 1732 2
288 1708 444 1746 Mallem
463 1708 674 1744 dictatorem
688 1721 699 1743 .·
727 1707 804 1744 vid.
824 1707 941 1743 Drak.
963 1707 1009 1743 ad
1027 1707 1077 1744 vi.
1099 1710 1134 1744 6.
1156 1708 1226 1751 18„
1246 1720 1314 1745 nos
1333 1719 1446 1757 supra

194 1776 240 1812 ad
260 1776 282 1812 i.
306 1777 366 1811 23.
389 1778 423 1811 5.
446 1777 483 1811 et
502 1773 543 1810 in
565 1773 676 1811 Cam-253
698 1772 794 1810 Seee.
816 1772 856 1809 in
875 1771 1109 1818 Sallustium,
1130 1786 1167 1822 p.
1186 1776 1247 1810 45.

198 1856 201 1857 ⁷
253 1879 307 1884 —
331 1855 398 1893 22.
431 1853 467 1892 2.
501 1851 701 1893 “bellum
731 1851 906 1907 ingens*
928 1866 952 1892 a
982 1850 1154 1893 Volscis
1177 1882 1186 1892 .
1215 1883 1224 1892 .
1249 1883 1256 1890 .
1278 1851 1444 1893 nuntia-

196 1924 337 1966 bant.‘’

252 1998 274 2019 ³²⁵
294 1996 398 2032 Fort.
421 1996 603 2044 inm-uetus.

254 2099 309 2104 --
331 2100 384 2104 ——
407 2077 446 2114 2.
487 2078 512 2097 “
534 2071 682 2121 Fabio,
723 2078 772 2113 ut
808 2071 990 2113 Antium
1032 2072 1216 2128 legiones
1259 2072 1444 2122 duceret,

200 2144 413 2186 datumst?

258 2230 277 2251 ’ἓ
295 2229 397 2265 fort.
420 2228 563 2265 excidit
582 2227 772 2277 neyotz'um.
828 2227 890 2264 Sic
907 2227 1045 2276 passim
1064 2227 1208 2265 Livius.

259 2334 313 2338 —
336 2311 401 2348 23.
426 2310 465 2346 4.
490 2314 510 2329 ‘⁴
532 2305 619 2347 Vp}
634 2320 863 2360 numquam
886 2320 934 2347 eo
955 2305 1109 2348 subiri*
1127 2305 1265 2361 potuit
1280 2300 1296 2346 τ’
1320 2306 1448 2350 fames

202 2390 412 2435 postremo
433 2377 529 2419 inde
551 2377 733 2419 detraxit
754 2376 956 2419 hostem.’'
