1490 2588
191 176 238 210 62
601 169 1021 208 EMENDATIONES

189 277 280 323 suis,
310 288 425 326 quam
442 273 571 324 inopia
588 274 786 323 adgravari
805 273 970 320 socios;”
999 275 1106 314 xxvi.
1133 278 1194 313 20.
1225 278 1276 322 3.,
1311 275 1443 313 “nihil

190 343 320 386 minus,
350 353 465 390 quam
491 340 626 386 vereri,
668 339 756 377 —.''
813 340 959 379 Caesar.
988 341 1030 378 de
1056 341 1106 379 B.
1146 341 1190 379 G.
1219 354 1256 379 v.
1286 344 1348 379 33.
1390 343 1437 386 1.,
1472 380 1473 385 ,

191 412 217 428 “
231 408 315 445 haee
332 405 455 456 ipsas

246 507 303 514 -
328 482 390 522 16.
413 483 453 521 2.
477 478 767 534 “inquirendo
787 478 828 520 in
846 479 1066 536 utriusque
1079 480 1224 530 vitam,
1243 479 1442 522 mores*.”

242 567 267 589 ff*
293 564 456 602 Videtur
474 563 618 612 aliquid
637 563 833 610 excidisse,
854 564 916 601 vel
935 565 981 602 ab
999 564 1122 612 initio,
1148 564 1293 611 victum,
1313 564 1438 610 vitam,

189 643 313 676 mores,
343 630 384 668 in
410 629 532 667 literis
556 629 596 667 vi
611 629 759 667 iteratis
777 643 889 667 causa
908 632 1081 668 exstante
1100 630 1256 668 lacunae
1274 630 1340 680 (cf.
1362 629 1439 668 Cic.

189 697 231 734 in
258 696 359 734 Verr.
386 684 441 733 iii.
473 699 507 732 5.
541 697 615 742 11.,
645 708 679 732 v.
709 697 768 735 72.
794 695 920 745 187.);
950 696 1012 733 vel
1029 696 1207 742 medium,
1228 694 1343 733 vitam
1361 697 1443 732 ante

190 765 307 800 aotam
325 768 428 811 atque
456 773 593 804 morene,-
623 764 668 799 ut
696 761 906 799 versiculus
934 761 1118 799 exciden't
1146 760 1365 811 archetypi;
1393 761 1441 799 cf.

189 828 295 865 xxiv.
333 830 396 864 25.
432 829 478 873 1.,
515 827 599 864 “ab
627 829 712 864 ante
738 830 819 864 aeta
846 826 927 865 vita
958 827 1114 874 orsus3''
1144 826 1280 865 xxviii.
1311 829 1373 864 40.
1405 830 1440 864 9.

193 897 218 913 “
230 893 312 930 vita
329 895 411 929 aeta
428 894 467 929 et
485 904 606 929 mores
623 892 698 929 mei
712 892 748 937 ;”
770 892 865 930 adde
883 894 1011 930 nostra
1029 893 1077 930 ad
1095 892 1170 930 Cic.
1196 892 1277 930 Cat.
1297 893 1356 930 M.
1380 895 1440 930 11.

192 961 252 995 38.
281 971 318 996 n.
349 960 410 994 40.
439 959 479 995 et
513 957 609 994 Obss.
640 970 672 994 a.
706 960 817 995 1863.
846 971 884 1007 p.
917 961 1002 1004 10.;
1031 959 1094 996 vel
1112 958 1439 1009 deniqueinfine‚

189 1025 316 1070 vitam,
348 1036 473 1069 mores,
494 1022 718 1071 fmm'lz'ares²
750 1025 796 1060 ut
824 1023 866 1060 in
892 1023 1191 1062 homoeoteleuto
1214 1024 1443 1062 aberraverit

188 1089 377 1128 librarius.
433 1089 505 1135 En,
524 1088 656 1126 lectori
674 1088 838 1138 eligendi
856 1089 957 1127 facta
975 1089 1081 1138 copia
1099 1092 1156 1127 est
1171 1088 1179 1126 !

245 1197 299 1204 -
322 1173 388 1212 33.
411 1173 450 1211 2.
471 1176 594 1212 “non
615 1169 715 1225 quia
735 1169 816 1225 ipsi
836 1170 1024 1213 cunctati
1045 1171 1214 1214 sunt*.”

241 1252 265 1276 9(-
294 1252 417 1288 Immo
435 1250 511 1288 sint
525 1263 537 1286 :
557 1250 644 1287 vide
663 1250 711 1287 ad
729 1249 809 1287 xxi.
830 1253 892 1289 40.
912 1253 947 1287 6.

246 1365 300 1370 —
322 1341 389 1381 38.
414 1338 450 1379 3.
483 1336 646 1393 “Ager
680 1367 691 1378 .
725 1367 735 1377 .
769 1342 858 1379 erat
891 1369 899 1377 .
933 1369 940 1377 .
971 1367 983 1387 ,
1012 1336 1087 1392 qui
1114 1336 1443 1380 Taurasinorum

196 1409 367 1466 [fuerat.
427 1407 480 1449 In
501 1422 598 1450 eum
618 1407 899 1464 quum]*—.”

238 1495 263 1518 ff·
290 1494 444 1531 Lacuna
454 1491 633 1530 versiculi
647 1506 655 1538 ;
677 1494 715 1530 ess
730 1491 886 1541 quidem
899 1491 1022 1530 literis
1036 1491 1264 1541 quindecim,
1285 1492 1319 1530 si
1334 1493 1443 1530 modo

189 1563 289 1598 recte
319 1558 488 1608 explevit
516 1557 738 1604 Gronovius,
769 1557 959 1595 sexdecim
984 1560 1123 1604 autem,
1155 1557 1187 1595 si
1211 1571 1369 1608 repones
1397 1558 1445 1596 In

192 1638 357 1675 quem—.

247 1729 275 1733 —
295 1729 350 1735 —
372 1702 412 1743 6.
435 1708 458 1726 ‘⁶
472 1701 515 1742 in
535 1715 664 1743 novas
683 1701 831 1743 aedes*
857 1735 865 1742 .
889 1734 896 1741 .
920 1734 928 1741 .
950 1716 1058 1756 quae
1078 1715 1182 1757 opus
1203 1702 1380 1744 essent.'’

245 1783 270 1806 ⁹⁶
296 1781 471 1819 Fortasse
490 1780 531 1818 in
547 1792 638 1818 nova
656 1780 744 1818 sede.

250 1887 307 1892 —
328 1864 398 1902 43.
422 1863 459 1901 3.
495 1865 520 1885 “
543 1858 598 1902 Se
617 1858 707 1914 jam
727 1857 808 1900 tria
833 1857 963 1900 millia
987 1858 1205 1901 hominum
1230 1859 1446 1902 damnasse

194 1937 236 1973 et
256 1945 439 1974 crescere
460 1929 538 1972 sibi
557 1929 845 1984 quaestionem
865 1929 1092 1972 indiciis*.”

245 2012 271 2035 5⁵
300 2010 428 2049 Scribe
456 2010 496 2047 in
515 2009 601 2047 dies.
656 2009 714 2047 Cf.
735 2008 761 2046 i.
784 2012 819 2046 4.
841 2012 891 2056 9.,
911 2009 953 2047 ii.
976 2011 1038 2049 27.
1062 2012 1135 2056 13„
1156 2008 1209 2048 iii.
1233 2012 1292 2048 12.
1315 2012 1362 2055 7.,
1383 2013 1444 2048 62.

194 2080 244 2122 4.,
266 2076 317 2114 iv.
339 2079 373 2113 6.
396 2079 445 2122 5.‚
477 2074 559 2112 xxi.
583 2078 645 2114 25.
666 2077 737 2122 14„
768 2075 891 2113 xxvii.
911 2078 972 2113 36.
997 2078 1041 2121 1.,
1071 2074 1209 2113 xxviii.
1230 2078 1289 2113 40.
1311 2078 1360 2123 8.‚
1383 2079 1444 2114 46.

199 2144 269 2188 11.,
298 2155 394 2179 xxx.
416 2144 478 2178 28.
504 2143 537 2177 1.

256 2247 309 2252 -
331 2219 399 2261 48.
423 2220 463 2260 6.
488 2225 517 2244 “
532 2218 604 2274 qui
620 2219 673 2261 ad
690 2223 848 2262 castra*
863 2219 1145 2276 obpugnanda
1158 2226 1371 2271 venerant,
1394 2235 1446 2263 ne

196 2305 271 2332 sua
290 2289 460 2345 quidem
480 2290 590 2332 tueri
609 2291 873 2346 potuerunt.”

252 2369 277 2393 4⁵
305 2371 425 2408 castra
443 2352 513 2409 ἶῆῗῖι
533 2368 726 2419 (nostra)?
