1490 2588
534 181 809 220 LIVIANAE.
1263 186 1282 217 5
1289 185 1308 217 3

54 301 107 329 ne
115 286 533 343 Carthaginiensibus
547 286 801 330 Macedonas
809 302 820 336 ;
835 285 1026 343 Pyrrho*
1038 292 1150 328 certe
1159 300 1311 340 aequa-

55 357 191 408 bitis.'’

105 440 129 464 ’θ
148 438 285 475 Manca
303 436 424 475 videri
441 439 565 486 potest
587 436 827 486 comparatio,
859 434 922 474 cui
947 435 1000 473 sic
1022 435 1140 472 fuerit
1160 434 1304 472 satissa-

53 503 242 549 ciendum,
276 502 424 552 Pyrrho
455 505 546 539 certe
575 505 609 539 et
635 501 811 551 Epirotis
846 499 1048 551 aequabitis
1062 516 1076 543 ,·
1117 513 1159 538 eo
1189 499 1308 547 magis

52 569 155 618 quod
174 569 288 607 etiam
305 568 406 606 infra
422 567 604 617 bipartita
617 567 862 604 continuatur
876 566 1126 616 comparatio:
1153 571 1176 587 “
1189 578 1307 615 quan--

51 636 135 672 tum
153 635 215 672 vel
232 634 291 671 vir
308 634 389 671 Viro
407 634 470 671 vel
484 646 571 682 qens
585 633 690 683 ‘qanta'
709 635 878 682 praestat
894 632 928 670 !''
976 633 1028 670 Et
1046 632 1174 681 potuit
1193 632 1305 669 librar

51 700 142 746 rius,
164 700 256 737 dum
273 699 477 748 praemisso
489 698 617 736 dativo
635 701 811 747 properat
830 711 942 735 suum
959 698 1114 735 reddere
1133 699 1303 741 verbum,

50 765 252 803 excludere
288 767 322 801 et
340 764 526 813 Epirotis.
592 765 722 802 Potest
757 764 874 802 etiam
908 763 1119 802 versiculus
1154 763 1301 811 integer

51 831 261 880 Archetypi
276 830 471 876 excidisse,
487 832 521 867 et
531 830 636 880 qemi
647 829 906 878 Epirotarum.
942 829 1029 867 Etsi
1042 829 1179 866 nolunt
1196 842 1303 877 saepe

48 897 246 946 scriptores
269 895 384 933 nimis
416 895 618 944 diligenter
647 895 956 945 aequabilitatem
985 895 1161 944 persequi
1188 908 1303 931 mem-

47 963 202 1000 brorum
224 964 263 999 et
280 961 429 999 malunt
447 961 594 1011 aliquid
611 961 652 998 in
670 961 925 1010 intelligentia
943 961 1094 999 lectoris
1112 973 1302 1009 reponere.

49 1028 147 1066 Vide
166 1028 214 1065 ad
233 1028 309 1065 Cic.
329 1027 370 1064 de
388 1027 473 1064 Ftn.
493 1027 532 1064 ii.
554 1030 616 1065 33.
639 1030 724 1064 110.
745 1040 783 1065 n.
806 1031 854 1074 5.,
876 1027 926 1066 iv.
949 1031 1008 1064 12.
1031 1031 1092 1065 31.
1112 1040 1149 1064 n.
1172 1030 1205 1063 3.

103 1140 160 1145 —-
178 1140 235 1145 ——
262 1117 326 1156 ll.
350 1121 371 1138 “
389 1113 484 1158 Nec
500 1114 721 1156 Tarentini
735 1114 859 1156 modo
882 1148 890 1155 .
910 1147 917 1154 .
937 1147 944 1153 .
969 1146 978 1164 ‚
1002 1113 1075 1155 sed
1093 1112 1304 1161 Lucanus,

48 1186 118 1227 et*
145 1185 338 1227 Bruttius
360 1189 428 1227 et*
457 1184 621 1228 Samnis
642 1201 666 1227 a
687 1185 806 1227 nobis
829 1184 1112 1227 defecerunt.”

102 1266 205 1293 ⁹⁵—ss
231 1265 406 1302 Fortasse
420 1269 472 1302 set
487 1266 583 1315 (secl)
597 1266 788 1311 Bruttius,
811 1268 862 1302 set
878 1265 975 1314 (sed)
993 1264 1151 1302 Samnis.
1194 1263 1303 1299 Vidd.

50 1331 213 1368 Gronov.
235 1334 274 1368 et
291 1331 409 1368 Drak.
429 1331 477 1368 ad
494 1331 550 1368 iii.
575 1334 634 1368 11.
658 1334 717 1377 2.;
740 1331 835 1368 adde
853 1344 921 1368 nos
939 1331 986 1368 ad
1007 1330 1083 1368 Cic.
1103 1331 1144 1366 de
1159 1330 1244 1366 Fe'n.
1267 1328 1305 1364 ii.

52 1399 111 1434 14.
134 1400 192 1434 45.
212 1409 250 1434 n.
273 1399 334 1434 30.
390 1397 476 1434 Etsi
493 1398 538 1434 de
556 1397 697 1446 plurali
714 1398 828 1435 verbo
846 1399 970 1446 potest
987 1396 1163 1434 dubitari.

106 1502 162 1507 —-
185 1478 249 1519 27.
273 1481 313 1518 3.
340 1483 364 1502 “
383 1476 496 1520 dicta
516 1477 914 1533 aspernabantur*.”

101 1558 126 1582 Ξῖ·
153 1557 332 1606 Suspicor
362 1559 642 1606 agnoscendum
670 1559 834 1608 simplex
865 1572 944 1597 esse
973 1562 1011 1597 et
1042 1559 1104 1597 hic
1137 1566 1173 1597 et
1206 1561 1306 1596 infra

46 1623 172 1661 xxxii.
193 1626 255 1660 21.
278 1626 353 1669 34„
374 1623 428 1660 xl.
451 1627 486 1661 4.
508 1627 566 1670 3.;
589 1624 691 1674 quod
708 1624 751 1662 in
769 1625 894 1662 codice
914 1626 1077 1675 quodam
1091 1639 1173 1663 meo
1189 1627 1304 1663 etiam

46 1691 148 1739 apud
175 1690 401 1728 Sallustium
427 1691 572 1741 reperio
604 1692 685 1731 Cat.
708 1695 743 1730 3.
798 1692 850 1729 Et
869 1696 994 1730 exstat
1013 1693 1114 1742 apud
1133 1700 1305 1730 veterum

46 1757 276 1794 imitatorem
303 1757 533 1795 Frontonem
561 1757 724 1807 simplex
750 1759 793 1795 de
819 1758 1047 1808 Eloquentia
1074 1772 1110 1808 p.
1140 1762 1224 1795 164.
1247 1760 1303 1795 ed.

47 1823 153 1859 Rom.
179 1825 304 1869 1846„
334 1823 515 1873 pietatem
532 1824 744 1872 spernabere
762 1824 806 1860 ?''

107 1926 164 1932 —-
180 1904 247 1943 33.
271 1902 308 1944 7.
342 1907 369 1926 “
388 1901 576 1944 Movisse
600 1933 609 1943 .
635 1933 644 1942 .
670 1933 679 1943 .
702 1902 900 1951 sciebat*‚
933 1917 1060 1957 quam
1090 1903 1304 1959 regionem

49 1971 223 2027 petisset
242 1971 464 2027 ignorans*
473 1972 506 2013 .''

101 2052 203 2079 ’,ἒ-96
230 2052 384 2089 Poterat
402 2051 540 2101 aliquis
558 2056 776 2102 exspectare
794 2052 920 2102 potius
939 2053 1049 2091 eciem
1070 2083 1079 2091 .
1100 2083 1108 2091 .
1132 2083 1139 2091 .
1162 2055 1306 2103 {maora-

48 2118 121 2156 bat.
176 2117 264 2156 Vid.
286 2117 437 2155 Cortius
455 2119 504 2155 ad
522 2119 675 2156 Sallust.
702 2120 783 2158 Cat.
806 2120 867 2157 57.
889 2122 946 2166 2.;
969 2121 1063 2158 adde
1080 2133 1148 2157 nos
1164 2121 1211 2157 ad
1226 2121 1302 2158 Cic.

48 2185 91 2222 de
102 2184 193 2222 Fz'n.
213 2183 254 2221 ii.
277 2187 339 2222 20.
354 2186 428 2230 64.‚
449 2184 558 2222 deN.
580 2184 628 2222 D.
648 2185 688 2222 ii.
711 2189 788 2231 45„
811 2186 891 2224 Cat.
904 2185 960 2223 M.
976 2189 1007 2224 8.
1023 2190 1084 2224 26.
1114 2187 1199 2224 Jam
1218 2200 1304 2224 vero

48 2250 151 2300 quod
170 2249 349 2288 continuo
378 2250 552 2300 sequitur
574 2251 675 2300 apud
689 2251 843 2288 Livium
862 2265 871 2289 :
913 2255 937 2272 “
953 2251 985 2289 is
1005 2265 1154 2301 quoque
1175 2265 1305 2301 specu-

47 2316 170 2353 latum
186 2315 342 2354 miserat
359 2315 548 2365 equites,''
572 2317 702 2355 videor
721 2320 808 2355 ante
826 2318 918 2356 haec
938 2318 1061 2368 itaque
1078 2318 1305 2368 particulam

49 2381 281 2420 desiderare:
312 2382 359 2420 de
386 2395 462 2432 qua
488 2382 676 2420 videndus
695 2383 915 2434 Madvigius
933 2384 981 2422 ad
1000 2383 1072 2422 Cic.
1095 2384 1138 2421 de
1152 2383 1241 2421 Fen.
1263 2398 1300 2432 p.

650 2461 671 2485 F
691 2451 713 2486 2
