1490 2588
566 156 842 195 LIVIANAE.
1284 160 1303 192 5
1310 160 1330 193 5

72 262 291 313 quinqentis,
330 264 375 300 ut
407 261 575 300 decimus
604 261 765 311 quisque
797 260 913 298 fuerit
944 260 1130 310 supplicio
1162 259 1331 298 affectus.

73 329 188 366 Oodd.
210 328 356 377 aliquot
375 328 416 365 de
433 341 494 366 sex
503 328 586 378 fere
605 344 618 375 ,·
637 331 675 365 et
693 330 817 376 potest
835 327 990 364 fortasse
1008 339 1069 363 sem
1087 338 1268 363 numerus
1286 340 1332 363 ex

72 395 117 432 L.
136 396 227 431 nota
245 397 283 431 et
302 407 344 430 ezr
361 394 638 443 praepositione
658 406 737 430 esse
757 396 872 430 ortus.

131 486 290 527 xxxiii.
317 489 382 527 10.
403 488 442 527 5.
474 494 498 510 “
513 485 714 528 Ceterum
735 486 787 526 ab
808 484 965 541 ignaris
986 485 1190 527 militibus
1211 486 1336 526 omis-

72 572 160 599 sam
197 558 250 598 ab
284 557 405 598 hoste
435 571 638 612 pugnam,
663 589 671 596 .
696 589 703 595 .
728 589 735 596 .
757 555 942 610 impetus
969 556 1012 596 in
1034 557 1228 598 eosdem*
1252 555 1336 598 fac-

161 628 183 643 θ’

74 635 158 669 tus.

125 708 151 731 ἲ·
177 706 313 743 Manet
332 705 418 754 quis
436 704 476 742 in
492 718 544 742 eos
564 705 727 742 dedentes
746 718 780 742 se
798 706 862 743 vel
881 705 1076 743 dedititios.

131 826 185 832 --
209 798 274 838 11.
303 800 368 838 10.
400 801 430 822 ‘⁶
445 803 494 838 ut
518 830 524 836 .
549 832 557 837 .
583 831 590 838 .
613 802 778 839 essent*
802 805 845 839 et
867 797 1153 839 viderentur.”

126 884 151 906 ‘¹⁶'
177 882 375 920 Geminam
389 881 563 930 copulam
578 882 709 919 videor
723 882 927 931 requirere,
950 884 984 919 ez?
998 885 1111 919 essent
1125 885 1159 918 et
1174 882 1335 918 videren-

75 952 147 986 tur.
200 948 303 985 Nota
328 947 514 996 oppositio
540 951 597 984 est
619 949 821 995 verborum
852 961 921 985 esse
946 951 984 985 et
1012 948 1134 985 videm·
1145 961 1156 982 .-
1186 948 1273 984 vide
1293 948 1339 984 ad

74 1014 149 1052 Cic.
171 1014 213 1050 de
238 1013 306 1063 Off.
327 1013 351 1050 i.
375 1016 434 1050 19.
457 1016 517 1050 65.

130 1131 186 1136 --
213 1107 275 1149 17.
308 1108 367 1147 11.
404 1104 491 1145 “ni
523 1104 690 1147 exsules
723 1105 894 1160 quidam
918 1136 928 1145 .
954 1137 963 1146 .
989 1140 996 1145 .
1020 1106 1099 1147 ab*
1135 1120 1227 1146 arce
1263 1106 1339 1146 mi-

74 1175 169 1218 lites
190 1175 514 1231 accepissent*.'’

125 1262 229 1288 *2³²²
255 1262 431 1299 Fortasse
459 1274 576 1298 arcem
605 1260 647 1297 ab
675 1260 794 1298 milite
812 1274 961 1298 vacuam,
981 1262 1165 1310 cepissent.
1220 1262 1338 1310 Capta

75 1330 204 1364 autem
232 1341 314 1365 arce
343 1327 523 1364 credibile
542 1330 598 1364 est
617 1327 768 1363 exsules
786 1327 839 1364 ibi
859 1340 1049 1364 armorum
1068 1327 1214 1376 copiam
1233 1327 1338 1379 inve-

72 1393 172 1430 m'sse
187 1396 306 1442 ‚atque
326 1392 381 1430 ita
406 1396 569 1429 armatos
598 1393 865 1430 decucurrisse.
914 1393 970 1431 Of.
992 1392 1129 1431 xxviii.
1150 1396 1210 1429 20.
1235 1396 1335 1438 2-5.,

76 1461 394 1508 “conspexerunt
415 1488 422 1495 .
447 1489 454 1495 .
478 1488 485 1495 .
507 1461 653 1507 partem
676 1488 683 1495 .
709 1489 716 1495 .
740 1489 748 1496 .
771 1459 813 1496 ab
828 1459 1068 1508 (Zefimsoribus
1082 1472 1230 1496 «vamum
1248 1489 1254 1494 .
1276 1490 1283 1495 .
1303 1489 1309 1495 .
1329 1490 1335 1495 .

73 1523 161 1561 inde
181 1523 481 1562 decurrunt—.''

127 1641 183 1647 -
216 1617 284 1660 27.
319 1620 358 1658 5.
392 1623 420 1643 “
439 1617 493 1658 ad
525 1617 768 1660 concionem
806 1618 943 1660 vocari
966 1618 1096 1673 jussit
1124 1617 1337 1660 Lacedae·

70 1687 245 1738 monios‚
276 1696 404 1744 atque
425 1703 569 1731 eorum
593 1689 808 1731 concioni*
832 1689 1036 1731 satellites
1055 1696 1237 1730 armatos
1259 1689 1337 1730 cir-

70 1759 330 1801 cumdedit.''

127 1844 151 1867 ⁵⁵
178 1843 267 1881 Non
285 1844 408 1893 placet
425 1844 630 1893 repetitum
648 1857 798 1881 nomen.
854 1845 958 1881 Fort.
978 1857 1127 1882 coronae
1143 1859 1155 1880 .·
1183 1844 1271 1881 vide
1291 1846 1336 1881 ad

71 1913 146 1950 Cic.
179 1912 220 1948 de
248 1910 339 1947 Fin.
370 1909 411 1946 ii.
433 1913 495 1947 22.
517 1911 590 1955 74„
612 1910 654 1946 cle
680 1909 744 1959 Off
765 1910 806 1947 ii.
831 1913 891 1947 14.
913 1912 976 1946 48.
1032 1910 1089 1948 Of.
1110 1910 1249 1947 xxviii.
1271 1913 1332 1946 29.

73 1981 144 2024 10„
170 1981 194 1998 “
210 1975 416 2014 Exercitus
435 1988 564 2013 corona
582 1976 801 2013 concionem
820 1975 1159 2013 circumdederat.’'

126 2095 182 2099 —
205 2071 273 2110 52.
298 2070 336 2110 9.
369 2073 392 2090 “
411 2066 520 2109 inter
540 2082 646 2122 quos
669 2067 913 2108 Demetrius
933 2068 1045 2123 regis
1075 2067 1261 2123 Philippi
1290 2068 1335 2108 fi-

68 2139 176 2181 lius*
198 2139 294 2189 fuit,
329 2144 372 2180 et
395 2138 619 2186 Armenes,
654 2137 836 2180 Nabidis
866 2138 1035 2193 tyranni
1065 2138 1219 2189 filius*,
1254 2138 1334 2179 La-

69 2209 397 2253 cedaemonius.⁷'

120 2296 223 2324 ⁷¹²—*
251 2295 302 2332 In
321 2293 413 2331 Lov.
438 2295 473 2329 3.
494 2293 599 2331 deest
616 2293 723 2343 prius
731 2293 852 2343 filius,
882 2294 1072 2344 posterius
1099 2294 1225 2332 locum
1250 2308 1331 2331 mu-

70 2362 137 2398 tat.
193 2359 409 2398 Delendum
427 2371 560 2397 censeo
578 2362 785 2409 utrumque
801 2374 810 2398 ι
841 2359 929 2398 vide
947 2360 996 2398 ad
1012 2360 1036 2398 i.
1059 2363 1090 2397 3.
1114 2363 1149 2397 9.
