1490 2588
165 178 178 210 1
189 178 209 211 O
625 175 917 213 HANNIBAL.

216 278 464 315 “Hannibali
482 277 617 314 victori
643 291 762 327 quum
789 279 903 316 ceteri
932 279 1149 317 circumfusi
1167 281 1402 330 gratularen-

166 348 189 364 “
207 347 268 380 tur
287 344 574 392 suaderentque,
606 346 662 389 ut,
694 347 800 381 tanto
826 345 1049 393 perfunctus
1067 345 1177 392 bello,
1207 347 1283 384 diei
1302 348 1404 396 quod

165 413 189 429 “
201 408 390 457 reliquum
409 412 517 453 esset,
537 409 732 458 noctisque
750 410 985 459 insequentis
999 411 1165 459 quietem
1178 414 1217 448 et
1234 412 1314 461 ipse
1331 413 1404 450 sibi

166 476 367 511 “sumeret
386 476 424 511 et
441 474 546 511 sessis
575 475 680 512 flaret
695 475 883 512 militibus
898 489 906 520 3
937 476 1172 522 Maharbal&
1193 477 1405 525 praefectus

166 544 189 559 ‘⁵'
207 539 392 587 equitum,
422 539 580 576 minime
607 541 827 577 cessandum
845 543 959 586 ratus,
980 541 1108 587 Immo,
1143 544 1195 586 ut,
1226 542 1315 590 quid
1340 542 1404 579 Ῐιαο

165 610 188 624 “
200 617 323 653 pufflm
342 605 391 641 sit
410 608 540 651 aetum,
563 606 665 651 scias,
696 606 753 642 cle'e
771 606 910 655 quinto,
932 607 1069 655 inquit,
1099 607 1215 644 vietor
1229 607 1269 644 in
1292 608 1402 656 Capi-

166 674 189 690 “
207 670 292 707 collo
321 670 532 718 epulaberis,
592 672 770 720 Sequere:
799 685 877 708 eum
905 673 1032 721 equite,
1063 676 1105 709 ut
1126 673 1237 720 prius
1256 673 1403 719 venisse,

166 740 307 785 “quam
327 740 527 783 venturum,
550 737 677 781 sciant,
692 738 916 785 praecedam.
958 738 1167 775 Hannibali
1185 738 1298 775 nimis
1308 739 1408 776 laeta

165 807 188 821 “
203 815 260 839 res
280 805 336 839 est
354 802 445 848 visa,
467 803 673 852 majorque,
694 816 809 852 quam
827 807 870 840 ut
890 817 970 841 eam
990 804 1119 841 statim
1137 816 1268 852 capere
1282 803 1406 841 animo

165 871 335 917 “posset.
392 869 540 917 Itaque,
601 868 801 905 'olzmtatem
828 882 862 905 se
890 868 1038 906 laudare
1066 868 1309 914 illalzarbalz's,
1339 868 1403 913 ait,

165 937 188 953 “
202 934 249 970 acl
266 933 454 970 eonsilium
467 935 695 981 pensandum
716 934 887 982 temporis
905 947 993 982 opus
1013 948 1094 972 esse.
1140 935 1237 971 Tum
1255 934 1405 970 Mahar-

164 1003 188 1018 “
204 999 288 1036 bal:
321 999 406 1036 lVon
434 1000 551 1036 omnia
570 999 746 1036 m'mrum
765 1000 876 1035 eidem
897 1000 969 1036 Da‘a‘
986 1001 1119 1037 dedere.
1161 1000 1306 1036 Vincere
1324 999 1404 1042 scis,

164 1065 394 1102 “Hannibal
406 1079 418 1105 ‚·
448 1065 601 1102 victoria
630 1065 689 1102 uti
705 1065 830 1102 neseis.
885 1066 992 1102 Mora
1019 1066 1100 1114 ejus
1119 1065 1194 1102 diei
1214 1065 1303 1102 satis
1329 1077 1406 1101 cre-

165 1134 305 1170 “ditur
324 1133 438 1170 saluti
458 1134 572 1170 fuisse
591 1133 678 1170 urbi
697 1136 811 1183 atque
829 1133 1027 1183 imperio.''

210 1236 462 1278 Verecunde
483 1237 650 1278 omnino
668 1236 901 1286 Maharbal,
925 1252 1020 1278 eum
1033 1237 1260 1291 adloquens
1281 1252 1405 1291 quem

162 1321 341 1363 debebat
363 1328 574 1377 tamquam
595 1321 720 1362 deum
741 1321 923 1375 aliquem
946 1320 1140 1362 venerari
1175 1319 1219 1361 !“
1233 1327 1291 1369 ut,
1310 1322 1408 1376 quid

162 1407 239 1446 hae
255 1422 396 1462 pzeqna
411 1407 465 1446 sit
486 1414 634 1455 actum,
657 1406 800 1446 scias.”
847 1405 963 1460 Ergo
985 1405 1110 1454 solus,
1135 1404 1291 1460 opinor,
1314 1403 1407 1444 Ma-

162 1490 305 1531 harbal
335 1490 491 1544 aliquid
522 1490 657 1540 scivit,
691 1489 796 1530 nihil
830 1489 1066 1538 Hannibal3
1104 1488 1138 1528 is
1170 1487 1402 1535 Maharbal,

163 1573 234 1626 qui
254 1580 348 1628 post
370 1574 603 1615 Trasimeni
623 1589 808 1629 pugnam
839 1573 1144 1615 circumventos
1175 1587 1248 1613 sex
1277 1572 1406 1612 millia

162 1656 343 1698 hostium
366 1658 418 1698 ad
439 1657 693 1699 deditionem
725 1672 873 1712 cogere
901 1657 1145 1705 nesciverat,
1178 1656 1290 1697 ultro
1310 1671 1407 1697 eon-

162 1741 362 1783 ditionem
377 1742 544 1791 tulerat,
569 1757 649 1796 qua
670 1742 711 1781 in
733 1748 947 1796 posterum
965 1740 1103 1795 copias
1120 1739 1304 1781 hostium
1325 1739 1405 1779 isto

161 1842 334 1868 numero
373 1827 587 1868 hominum
627 1834 814 1882 augeret.
894 1826 977 1878 Qui
1015 1827 1057 1867 in
1097 1842 1139 1867 re
1177 1824 1407 1866 Trasimeni

163 1911 360 1965 praefecti
382 1911 571 1966 equitum
591 1911 725 1953 officio
747 1911 952 1959 defuerat,
986 1911 1019 1951 is
1040 1911 1083 1950 in
1113 1909 1321 1951 Cannensi
1353 1907 1405 1948 ad

164 1994 475 2050 imperatorium
492 2011 643 2036 munus
659 1995 938 2050 arripiendum
956 2001 1124 2049 paratus
1141 2000 1240 2034 erat.
1275 1991 1407 2033 Vides

163 2087 317 2128 autem,
361 2079 460 2133 quid
501 2079 676 2120 suaserit
715 2078 946 2127 Maharbal,
989 2093 1041 2118 ne
1075 2078 1199 2118 horae
1239 2075 1405 2130 quidem

207 2205 225 2221 ἦ
248 2205 319 2234 Non
331 2205 514 2242 Maharbali‚
532 2205 583 2234 sed
605 2204 741 2243 Magoni,
769 2204 954 2234 Hannibalis
976 2203 1071 2240 fratri,
1096 2212 1159 2232 rem
1182 2201 1288 2231 tribuit
1303 2200 1404 2237 Silius,

164 2261 309 2290 nimirum
324 2270 385 2290 non
412 2264 475 2290 tam
492 2262 580 2290 fidem
603 2260 653 2290 ille
667 2260 852 2299 historicam,
878 2260 990 2298 opinor,
1011 2268 1103 2299 quarn
1118 2257 1242 2288 arbitrio
1258 2266 1312 2286 suo
1334 2265 1406 2286 con-

162 2318 346 2346 venientiam
362 2317 526 2355 quamdam
549 2317 591 2346 rei
617 2320 746 2355 secutus,
773 2320 807 2346 ut
828 2316 953 2346 fratrem
977 2324 1047 2345 cum
1066 2315 1158 2344 fratre
1179 2313 1287 2352 potius,
1312 2322 1405 2352 quam

165 2373 347 2411 praefectum
363 2382 431 2403 cum
447 2373 636 2412 imperatore,
653 2372 764 2403 faceret
775 2376 926 2410 agentem.
