<?xml version="1.0" encoding="UTF-8"?>
<!DOCTYPE html PUBLIC "-//W3C//DTD XHTML 1.0 Transitional//EN"
    "http://www.w3.org/TR/xhtml1/DTD/xhtml1-transitional.dtd">
<html xmlns="http://www.w3.org/1999/xhtml" xml:lang="en" lang="en">
 <head>
  <title>
</title>
<meta http-equiv="Content-Type" content="text/html;charset=utf-8" />
  <meta name='ocr-system' content='tesseract 3.04.00' />
  <meta name='ocr-capabilities' content='ocr_page ocr_carea ocr_par ocr_line ocrx_word'/>
</head>
<body>
  <div class='ocr_page' id='page_1' title='image "./emendationeslivi00alleuoft_0109.png"; bbox 0 0 1490 2588; ppageno 0'>
   <div class='ocr_carea' id='block_1_1' title="bbox 541 191 1303 230">
    <p class='ocr_par' dir='ltr' id='par_1_1' title="bbox 541 191 1303 230">
     <span class='ocr_line' id='line_1_1' title="bbox 541 191 1303 230; baseline -0.004 -1"><span class='ocrx_word' id='word_1_1' title='bbox 541 191 800 230; x_wconf 78' lang='lat' dir='ltr'>ALTERAE.</span> <span class='ocrx_word' id='word_1_2' title='bbox 1257 192 1303 227; x_wconf 91' lang='grc'>19</span> 
     </span>
    </p>
   </div>
   <div class='ocr_carea' id='block_1_2' title="bbox 44 284 1300 409">
    <p class='ocr_par' dir='ltr' id='par_1_2' title="bbox 44 284 1300 409">
     <span class='ocr_line' id='line_1_2' title="bbox 101 284 1300 349; baseline -0.003 -11"><span class='ocrx_word' id='word_1_3' title='bbox 101 321 156 326; x_wconf 87' lang='grc'>-</span> <span class='ocrx_word' id='word_1_4' title='bbox 177 299 245 338; x_wconf 86' lang='grc'>44.</span> <span class='ocrx_word' id='word_1_5' title='bbox 271 284 605 346; x_wconf 31' lang='lat' dir='ltr'>9.⁷“Habebo*,</span> <span class='ocrx_word' id='word_1_6' title='bbox 640 295 695 349; x_wconf 82' lang='lat' dir='ltr'>Q.</span> <span class='ocrx_word' id='word_1_7' title='bbox 717 293 838 344; x_wconf 87' lang='lat' dir='ltr'>Fabi,</span> <span class='ocrx_word' id='word_1_8' title='bbox 870 308 1026 349; x_wconf 82' lang='lat' dir='ltr'>parem,</span> <span class='ocrx_word' id='word_1_9' title='bbox 1056 308 1184 348; x_wconf 88' lang='lat' dir='ltr'>quem</span> <span class='ocrx_word' id='word_1_10' title='bbox 1213 293 1300 343; x_wconf 84' lang='lat' dir='ltr'>das,</span> 
     </span>
     <span class='ocr_line' id='line_1_3' title="bbox 44 366 368 409; baseline -0.003 -2"><span class='ocrx_word' id='word_1_11' title='bbox 44 366 368 409; x_wconf 88' lang='lat' dir='ltr'>Hannibalem.&#39;&#39;</span> 
     </span>
    </p>
   </div>
   <div class='ocr_carea' id='block_1_3' title="bbox 42 448 1302 555">
    <p class='ocr_par' dir='ltr' id='par_1_3' title="bbox 42 448 1302 555">
     <span class='ocr_line' id='line_1_4' title="bbox 97 448 1302 495; baseline -0.002 -7"><span class='ocrx_word' id='word_1_12' title='bbox 97 451 121 474; x_wconf 58' lang='lat'>⁹⁵</span> <span class='ocrx_word' id='word_1_13' title='bbox 140 450 270 488; x_wconf 77' lang='lat' dir='ltr'>Scribe</span> <span class='ocrx_word' id='word_1_14' title='bbox 289 463 376 488; x_wconf 90' lang='lat' dir='ltr'>cum</span> <span class='ocrx_word' id='word_1_15' title='bbox 394 450 595 488; x_wconf 69' lang='lat' dir='ltr'>iteratione</span> <span class='ocrx_word' id='word_1_16' title='bbox 610 463 664 486; x_wconf 80' lang='lat' dir='ltr'>t-</span> <span class='ocrx_word' id='word_1_17' title='bbox 676 449 837 495; x_wconf 77' lang='lat' dir='ltr'>Habebo,</span> <span class='ocrx_word' id='word_1_18' title='bbox 870 448 1011 493; x_wconf 74' lang='lat' dir='ltr'>habebo,</span> <span class='ocrx_word' id='word_1_19' title='bbox 1047 448 1089 492; x_wconf 79' lang='lat' dir='ltr'>Q.</span> <span class='ocrx_word' id='word_1_20' title='bbox 1110 448 1217 495; x_wconf 61' lang='lat' dir='ltr'>Fabi,</span> <span class='ocrx_word' id='word_1_21' title='bbox 1239 471 1302 486; x_wconf 83' lang='lat'>-.</span> 
     </span>
     <span class='ocr_line' id='line_1_5' title="bbox 42 515 473 555; baseline 0 -1"><span class='ocrx_word' id='word_1_22' title='bbox 42 515 139 554; x_wconf 85' lang='lat' dir='ltr'>Vide</span> <span class='ocrx_word' id='word_1_23' title='bbox 159 516 206 553; x_wconf 86' lang='lat' dir='ltr'>ad</span> <span class='ocrx_word' id='word_1_24' title='bbox 224 516 305 553; x_wconf 79' lang='lat' dir='ltr'>xxi.</span> <span class='ocrx_word' id='word_1_25' title='bbox 325 519 389 553; x_wconf 80' lang='lat'>41.</span> <span class='ocrx_word' id='word_1_26' title='bbox 416 519 473 555; x_wconf 89' lang='lat'>15.</span> 
     </span>
    </p>
   </div>
   <div class='ocr_carea' id='block_1_4' title="bbox 105 603 1132 659">
    <p class='ocr_par' dir='ltr' id='par_1_4' title="bbox 105 603 1132 659">
     <span class='ocr_line' id='line_1_6' title="bbox 105 603 1132 659; baseline -0.004 -12"><span class='ocrx_word' id='word_1_27' title='bbox 105 631 156 636; x_wconf 98' lang='lat'><strong>—</strong></span> <span class='ocrx_word' id='word_1_28' title='bbox 176 631 232 636; x_wconf 97' lang='lat'><strong>—</strong></span> <span class='ocrx_word' id='word_1_29' title='bbox 259 609 320 647; x_wconf 84' lang='lat'>18.</span> <span class='ocrx_word' id='word_1_30' title='bbox 355 612 379 630; x_wconf 88' lang='lat'><strong>“</strong></span> <span class='ocrx_word' id='word_1_31' title='bbox 394 605 464 646; x_wconf 82' lang='lat' dir='ltr'>Ita</span> <span class='ocrx_word' id='word_1_32' title='bbox 486 612 528 647; x_wconf 86' lang='lat' dir='ltr'>et</span> <span class='ocrx_word' id='word_1_33' title='bbox 550 605 636 647; x_wconf 83' lang='lat' dir='ltr'>vixi</span> <span class='ocrx_word' id='word_1_34' title='bbox 658 611 702 646; x_wconf 90' lang='lat' dir='ltr'>et</span> <span class='ocrx_word' id='word_1_35' title='bbox 721 609 813 646; x_wconf 62' lang='lat' dir='ltr'>res*</span> <span class='ocrx_word' id='word_1_36' title='bbox 837 603 962 659; x_wconf 80' lang='lat' dir='ltr'>gessi,</span> <span class='ocrx_word' id='word_1_37' title='bbox 987 604 1132 645; x_wconf 86' lang='lat' dir='ltr'>ut-.”</span> 
     </span>
    </p>
   </div>
   <div class='ocr_carea' id='block_1_5' title="bbox 45 687 1307 804">
    <p class='ocr_par' dir='ltr' id='par_1_5' title="bbox 45 687 1307 804">
     <span class='ocr_line' id='line_1_7' title="bbox 95 687 1307 738; baseline -0.002 -12"><span class='ocrx_word' id='word_1_38' title='bbox 95 690 120 714; x_wconf 38' lang='grc' dir='ltr'><strong>ἦ</strong></span> <span class='ocrx_word' id='word_1_39' title='bbox 138 689 202 726; x_wconf 90' lang='lat' dir='ltr'>Al.</span> <span class='ocrx_word' id='word_1_40' title='bbox 221 703 257 738; x_wconf 73' lang='lat'>9.</span> <span class='ocrx_word' id='word_1_41' title='bbox 278 703 311 728; x_wconf 77' lang='lat' dir='ltr'>r.</span> <span class='ocrx_word' id='word_1_42' title='bbox 333 689 461 727; x_wconf 78' lang='lat' dir='ltr'>Scribe</span> <span class='ocrx_word' id='word_1_43' title='bbox 480 702 538 726; x_wconf 65' lang='lat' dir='ltr'>eas</span> <span class='ocrx_word' id='word_1_44' title='bbox 552 690 650 738; x_wconf 69' lang='lat' dir='ltr'>yessc&#39;</span> <span class='ocrx_word' id='word_1_45' title='bbox 667 702 736 727; x_wconf 77' lang='lat' dir='ltr'>res.</span> <span class='ocrx_word' id='word_1_46' title='bbox 790 689 826 725; x_wconf 83' lang='lat' dir='ltr'>N</span> <span class='ocrx_word' id='word_1_47' title='bbox 830 701 891 725; x_wconf 79' lang='lat' dir='ltr'>am</span> <span class='ocrx_word' id='word_1_48' title='bbox 918 688 964 725; x_wconf 93' lang='lat' dir='ltr'>de</span> <span class='ocrx_word' id='word_1_49' title='bbox 990 688 1146 737; x_wconf 81' lang='lat' dir='ltr'>copulae</span> <span class='ocrx_word' id='word_1_50' title='bbox 1169 687 1307 737; x_wconf 86' lang='lat' dir='ltr'>prioris</span> 
     </span>
     <span class='ocr_line' id='line_1_8' title="bbox 45 754 806 804; baseline -0.001 -12"><span class='ocrx_word' id='word_1_51' title='bbox 45 755 121 793; x_wconf 80' lang='lat' dir='ltr'>situ</span> <span class='ocrx_word' id='word_1_52' title='bbox 139 754 227 791; x_wconf 77' lang='lat' dir='ltr'>vide</span> <span class='ocrx_word' id='word_1_53' title='bbox 246 754 424 792; x_wconf 77' lang='lat' dir='ltr'>Emendd.</span> <span class='ocrx_word' id='word_1_54' title='bbox 445 755 559 804; x_wconf 82' lang='lat' dir='ltr'>prior.</span> <span class='ocrx_word' id='word_1_55' title='bbox 580 767 615 803; x_wconf 90' lang='lat' dir='ltr'>p.</span> <span class='ocrx_word' id='word_1_56' title='bbox 637 758 709 799; x_wconf 70' lang='lat'>26„</span> <span class='ocrx_word' id='word_1_57' title='bbox 731 766 806 802; x_wconf 86' lang='lat' dir='ltr'>seq.</span> 
     </span>
    </p>
   </div>
   <div class='ocr_carea' id='block_1_6' title="bbox 43 856 1309 983">
    <p class='ocr_par' dir='ltr' id='par_1_6' title="bbox 43 856 1309 983">
     <span class='ocr_line' id='line_1_9' title="bbox 100 856 1309 912; baseline -0.001 -14"><span class='ocrx_word' id='word_1_58' title='bbox 100 857 217 898; x_wconf 85' lang='lat' dir='ltr'>xxix.</span> <span class='ocrx_word' id='word_1_59' title='bbox 238 859 278 898; x_wconf 84' lang='lat'>6.</span> <span class='ocrx_word' id='word_1_60' title='bbox 302 860 363 899; x_wconf 88' lang='lat'>15.</span> <span class='ocrx_word' id='word_1_61' title='bbox 391 864 412 881; x_wconf 90' lang='lat'><strong>“</strong></span> <span class='ocrx_word' id='word_1_62' title='bbox 429 856 643 912; x_wconf 80' lang='lat' dir='ltr'>Oppidani</span> <span class='ocrx_word' id='word_1_63' title='bbox 659 857 807 898; x_wconf 87' lang='lat' dir='ltr'>urbem</span> <span class='ocrx_word' id='word_1_64' title='bbox 824 856 1050 906; x_wconf 84' lang='lat' dir='ltr'>habebant,</span> <span class='ocrx_word' id='word_1_65' title='bbox 1075 856 1309 898; x_wconf 86' lang='lat' dir='ltr'>victoribus</span> 
     </span>
     <span class='ocr_line' id='line_1_10' title="bbox 43 927 770 983; baseline -0.003 -14"><span class='ocrx_word' id='word_1_66' title='bbox 43 928 276 982; x_wconf 86' lang='lat' dir='ltr'>praemium</span> <span class='ocrx_word' id='word_1_67' title='bbox 297 929 341 968; x_wconf 91' lang='lat' dir='ltr'>in</span> <span class='ocrx_word' id='word_1_68' title='bbox 362 928 502 970; x_wconf 79' lang='lat' dir='ltr'>medio</span> <span class='ocrx_word' id='word_1_69' title='bbox 523 927 770 983; x_wconf 71' lang='lat' dir='ltr'>positani*.”</span> 
     </span>
    </p>
   </div>
   <div class='ocr_carea' id='block_1_7' title="bbox 43 1011 1308 1192">
    <p class='ocr_par' dir='ltr' id='par_1_7' title="bbox 43 1011 1308 1192">
     <span class='ocr_line' id='line_1_11' title="bbox 97 1011 1308 1060; baseline -0.001 -12"><span class='ocrx_word' id='word_1_70' title='bbox 97 1013 121 1036; x_wconf 39' lang='grc' dir='ltr'><em>ἦ</em></span> <span class='ocrx_word' id='word_1_71' title='bbox 139 1012 374 1050; x_wconf 72' lang='lat' dir='ltr'>Fert—nm.</span> <span class='ocrx_word' id='word_1_72' title='bbox 396 1012 452 1049; x_wconf 86' lang='lat' dir='ltr'>Of.</span> <span class='ocrx_word' id='word_1_73' title='bbox 471 1012 569 1060; x_wconf 87' lang='lat' dir='ltr'>Nep.</span> <span class='ocrx_word' id='word_1_74' title='bbox 594 1012 714 1048; x_wconf 79' lang='lat' dir='ltr'>leem.</span> <span class='ocrx_word' id='word_1_75' title='bbox 747 1013 780 1049; x_wconf 86' lang='lat'>7.</span> <span class='ocrx_word' id='word_1_76' title='bbox 805 1015 853 1057; x_wconf 87' lang='lat'>5.‚</span> <span class='ocrx_word' id='word_1_77' title='bbox 889 1011 1082 1048; x_wconf 84' lang='lat' dir='ltr'>“illorum</span> <span class='ocrx_word' id='word_1_78' title='bbox 1106 1012 1239 1048; x_wconf 90' lang='lat' dir='ltr'>urbem</span> <span class='ocrx_word' id='word_1_79' title='bbox 1264 1014 1308 1047; x_wconf 89' lang='lat' dir='ltr'>ut</span> 
     </span>
     <span class='ocr_line' id='line_1_12' title="bbox 43 1076 1306 1126; baseline -0.002 -12"><span class='ocrx_word' id='word_1_80' title='bbox 43 1077 372 1126; x_wconf 85' lang='lat' dir='ltr'>propugnaculum</span> <span class='ocrx_word' id='word_1_81' title='bbox 400 1077 614 1126; x_wconf 77' lang='lat' dir='ltr'>oppositum</span> <span class='ocrx_word' id='word_1_82' title='bbox 642 1089 721 1114; x_wconf 86' lang='lat' dir='ltr'>esse</span> <span class='ocrx_word' id='word_1_83' title='bbox 745 1076 952 1114; x_wconf 78' lang='lat' dir='ltr'>barbaris.&#39;&#39;</span> <span class='ocrx_word' id='word_1_84' title='bbox 1008 1077 1107 1114; x_wconf 75' lang='lat' dir='ltr'>Vide</span> <span class='ocrx_word' id='word_1_85' title='bbox 1126 1076 1306 1113; x_wconf 75' lang='lat' dir='ltr'>Emendd.</span> 
     </span>
     <span class='ocr_line' id='line_1_13' title="bbox 44 1142 1162 1192; baseline 0 -13"><span class='ocrx_word' id='word_1_86' title='bbox 44 1142 158 1192; x_wconf 88' lang='lat' dir='ltr'>prior.</span> <span class='ocrx_word' id='word_1_87' title='bbox 178 1156 215 1191; x_wconf 90' lang='lat' dir='ltr'>p.</span> <span class='ocrx_word' id='word_1_88' title='bbox 239 1144 321 1189; x_wconf 87' lang='lat'>57.;</span> <span class='ocrx_word' id='word_1_89' title='bbox 353 1143 448 1180; x_wconf 84' lang='lat' dir='ltr'>adde</span> <span class='ocrx_word' id='word_1_90' title='bbox 467 1142 536 1179; x_wconf 86' lang='lat' dir='ltr'>inf.</span> <span class='ocrx_word' id='word_1_91' title='bbox 557 1142 597 1179; x_wconf 87' lang='lat' dir='ltr'>in</span> <span class='ocrx_word' id='word_1_92' title='bbox 625 1142 699 1180; x_wconf 80' lang='lat' dir='ltr'>CO.</span> <span class='ocrx_word' id='word_1_93' title='bbox 723 1143 796 1180; x_wconf 79' lang='lat' dir='ltr'>SS.</span> <span class='ocrx_word' id='word_1_94' title='bbox 820 1143 867 1179; x_wconf 80' lang='lat' dir='ltr'>ad</span> <span class='ocrx_word' id='word_1_95' title='bbox 886 1143 1021 1180; x_wconf 75' lang='lat' dir='ltr'>xxxvi.</span> <span class='ocrx_word' id='word_1_96' title='bbox 1045 1145 1101 1179; x_wconf 84' lang='lat'>15.</span> <span class='ocrx_word' id='word_1_97' title='bbox 1128 1146 1162 1179; x_wconf 88' lang='lat'>6.</span> 
     </span>
    </p>
   </div>
   <div class='ocr_carea' id='block_1_8' title="bbox 45 1233 1308 1346">
    <p class='ocr_par' dir='ltr' id='par_1_8' title="bbox 45 1233 1308 1346">
     <span class='ocr_line' id='line_1_14' title="bbox 101 1233 1308 1288; baseline -0.001 -13"><span class='ocrx_word' id='word_1_98' title='bbox 101 1260 156 1266; x_wconf 94' lang='lat'><strong>—</strong></span> <span class='ocrx_word' id='word_1_99' title='bbox 179 1235 245 1275; x_wconf 79' lang='lat'>24.</span> <span class='ocrx_word' id='word_1_100' title='bbox 282 1237 342 1274; x_wconf 82' lang='lat'>12.</span> <span class='ocrx_word' id='word_1_101' title='bbox 377 1242 552 1288; x_wconf 80' lang='lat' dir='ltr'>“neque</span> <span class='ocrx_word' id='word_1_102' title='bbox 583 1233 691 1275; x_wconf 87' lang='lat' dir='ltr'>ullos</span> <span class='ocrx_word' id='word_1_103' title='bbox 722 1248 854 1288; x_wconf 85' lang='lat' dir='ltr'>aeque</span> <span class='ocrx_word' id='word_1_104' title='bbox 884 1241 1047 1276; x_wconf 86' lang='lat' dir='ltr'>veteres</span> <span class='ocrx_word' id='word_1_105' title='bbox 1078 1235 1234 1277; x_wconf 80' lang='lat' dir='ltr'>milites</span> <span class='ocrx_word' id='word_1_106' title='bbox 1264 1235 1308 1276; x_wconf 87' lang='lat' dir='ltr'>in</span> 
     </span>
     <span class='ocr_line' id='line_1_15' title="bbox 45 1304 621 1346; baseline -0.002 -1"><span class='ocrx_word' id='word_1_107' title='bbox 45 1304 232 1346; x_wconf 85' lang='lat' dir='ltr'>exercitu</span> <span class='ocrx_word' id='word_1_108' title='bbox 257 1305 469 1346; x_wconf 69' lang='lat' dir='ltr'>Romano*</span> <span class='ocrx_word' id='word_1_109' title='bbox 493 1304 621 1346; x_wconf 86' lang='lat' dir='ltr'>esse.”</span> 
     </span>
    </p>
   </div>
   <div class='ocr_carea' id='block_1_9' title="bbox 16 1388 1309 1884">
    <p class='ocr_par' dir='ltr' id='par_1_9' title="bbox 16 1388 1309 1884">
     <span class='ocr_line' id='line_1_16' title="bbox 96 1388 1309 1437; baseline 0 -12"><span class='ocrx_word' id='word_1_110' title='bbox 96 1390 120 1413; x_wconf 37' lang='grc' dir='ltr'><strong><em>ἢ</em></strong></span> <span class='ocrx_word' id='word_1_111' title='bbox 140 1388 299 1431; x_wconf 75' lang='lat' dir='ltr'>Quaerit</span> <span class='ocrx_word' id='word_1_112' title='bbox 324 1389 504 1426; x_wconf 85' lang='lat' dir='ltr'>Dukerus</span> <span class='ocrx_word' id='word_1_113' title='bbox 520 1389 678 1426; x_wconf 87' lang='lat' dir='ltr'>:—“In</span> <span class='ocrx_word' id='word_1_114' title='bbox 707 1402 781 1437; x_wconf 85' lang='lat' dir='ltr'>qno</span> <span class='ocrx_word' id='word_1_115' title='bbox 808 1389 1013 1427; x_wconf 76' lang='lat' dir='ltr'>exercitu?</span> <span class='ocrx_word' id='word_1_116' title='bbox 1066 1390 1104 1426; x_wconf 85' lang='lat' dir='ltr'>N</span> <span class='ocrx_word' id='word_1_117' title='bbox 1106 1402 1166 1426; x_wconf 79' lang='lat' dir='ltr'>am</span> <span class='ocrx_word' id='word_1_118' title='bbox 1192 1389 1309 1427; x_wconf 79' lang='lat' dir='ltr'>multi</span> 
     </span>
     <span class='ocr_line' id='line_1_17' title="bbox 43 1455 1309 1504; baseline 0.001 -13"><span class='ocrx_word' id='word_1_119' title='bbox 43 1457 127 1491; x_wconf 88' lang='lat' dir='ltr'>tum</span> <span class='ocrx_word' id='word_1_120' title='bbox 140 1457 247 1492; x_wconf 88' lang='lat' dir='ltr'>erant</span> <span class='ocrx_word' id='word_1_121' title='bbox 261 1455 453 1492; x_wconf 77' lang='lat' dir='ltr'>exercitus</span> <span class='ocrx_word' id='word_1_122' title='bbox 466 1455 638 1492; x_wconf 80' lang='lat' dir='ltr'>Romani.</span> <span class='ocrx_word' id='word_1_123' title='bbox 677 1455 734 1491; x_wconf 91' lang='lat' dir='ltr'>De</span> <span class='ocrx_word' id='word_1_124' title='bbox 750 1455 936 1504; x_wconf 82' lang='lat' dir='ltr'>Scipionis</span> <span class='ocrx_word' id='word_1_125' title='bbox 952 1455 1125 1492; x_wconf 77' lang='lat' dir='ltr'>exercitu</span> <span class='ocrx_word' id='word_1_126' title='bbox 1138 1455 1309 1503; x_wconf 73' lang='lat' dir='ltr'>intelligi</span> 
     </span>
     <span class='ocr_line' id='line_1_18' title="bbox 44 1520 1304 1569; baseline 0.002 -13"><span class='ocrx_word' id='word_1_127' title='bbox 44 1532 120 1556; x_wconf 92' lang='lat' dir='ltr'>non</span> <span class='ocrx_word' id='word_1_128' title='bbox 144 1523 280 1569; x_wconf 83' lang='lat' dir='ltr'>potest,</span> <span class='ocrx_word' id='word_1_129' title='bbox 312 1521 379 1569; x_wconf 86' lang='lat' dir='ltr'>qui</span> <span class='ocrx_word' id='word_1_130' title='bbox 407 1533 474 1557; x_wconf 86' lang='lat' dir='ltr'>cur</span> <span class='ocrx_word' id='word_1_131' title='bbox 499 1520 600 1557; x_wconf 86' lang='lat' dir='ltr'>solus</span> <span class='ocrx_word' id='word_1_132' title='bbox 627 1520 818 1558; x_wconf 74' lang='lat' dir='ltr'>exercitus</span> <span class='ocrx_word' id='word_1_133' title='bbox 837 1521 1032 1568; x_wconf 73' lang='lat' dir='ltr'>Romanus</span> <span class='ocrx_word' id='word_1_134' title='bbox 1058 1521 1134 1558; x_wconf 85' lang='lat' dir='ltr'>dici</span> <span class='ocrx_word' id='word_1_135' title='bbox 1158 1521 1304 1566; x_wconf 81' lang='lat' dir='ltr'>debeat,</span> 
     </span>
     <span class='ocr_line' id='line_1_19' title="bbox 45 1586 1306 1634; baseline 0.002 -12"><span class='ocrx_word' id='word_1_136' title='bbox 45 1598 176 1622; x_wconf 84' lang='lat' dir='ltr'>caussa</span> <span class='ocrx_word' id='word_1_137' title='bbox 198 1599 275 1622; x_wconf 88' lang='lat' dir='ltr'>non</span> <span class='ocrx_word' id='word_1_138' title='bbox 302 1586 399 1623; x_wconf 85' lang='lat' dir='ltr'>est.&#39;&#39;</span> <span class='ocrx_word' id='word_1_139' title='bbox 456 1587 582 1623; x_wconf 88' lang='lat' dir='ltr'>Immo</span> <span class='ocrx_word' id='word_1_140' title='bbox 611 1589 669 1623; x_wconf 89' lang='lat' dir='ltr'>est</span> <span class='ocrx_word' id='word_1_141' title='bbox 697 1586 742 1623; x_wconf 90' lang='lat' dir='ltr'>de</span> <span class='ocrx_word' id='word_1_142' title='bbox 764 1586 951 1634; x_wconf 84' lang='lat' dir='ltr'>Scipionis</span> <span class='ocrx_word' id='word_1_143' title='bbox 971 1587 1145 1624; x_wconf 77' lang='lat' dir='ltr'>exercitu</span> <span class='ocrx_word' id='word_1_144' title='bbox 1163 1586 1306 1624; x_wconf 77' lang='lat' dir='ltr'>intelli-</span> 
     </span>
     <span class='ocr_line' id='line_1_20' title="bbox 16 1651 1307 1701; baseline -0.001 -12"><span class='ocrx_word' id='word_1_145' title='bbox 16 1684 26 1689; x_wconf 96' lang='lat'>.</span> <span class='ocrx_word' id='word_1_146' title='bbox 44 1651 223 1699; x_wconf 84' lang='lat' dir='ltr'>gendum,</span> <span class='ocrx_word' id='word_1_147' title='bbox 246 1651 325 1688; x_wconf 74' lang='lat' dir='ltr'>sive</span> <span class='ocrx_word' id='word_1_148' title='bbox 342 1651 471 1700; x_wconf 88' lang='lat' dir='ltr'>potius</span> <span class='ocrx_word' id='word_1_149' title='bbox 486 1652 532 1688; x_wconf 89' lang='lat' dir='ltr'>de</span> <span class='ocrx_word' id='word_1_150' title='bbox 541 1651 677 1700; x_wconf 86' lang='lat' dir='ltr'>juncto</span> <span class='ocrx_word' id='word_1_151' title='bbox 695 1651 883 1700; x_wconf 84' lang='lat' dir='ltr'>Scipionis</span> <span class='ocrx_word' id='word_1_152' title='bbox 902 1655 941 1689; x_wconf 88' lang='lat' dir='ltr'>et</span> <span class='ocrx_word' id='word_1_153' title='bbox 956 1653 1168 1701; x_wconf 88' lang='lat' dir='ltr'>Pomponii.</span> <span class='ocrx_word' id='word_1_154' title='bbox 1209 1652 1307 1690; x_wconf 83' lang='lat' dir='ltr'>Sane</span> 
     </span>
     <span class='ocr_line' id='line_1_21' title="bbox 45 1716 1307 1766; baseline 0.001 -13"><span class='ocrx_word' id='word_1_155' title='bbox 45 1719 194 1765; x_wconf 89' lang='lat' dir='ltr'>poterat</span> <span class='ocrx_word' id='word_1_156' title='bbox 220 1717 383 1754; x_wconf 72' lang='lat' dir='ltr'>Romano</span> <span class='ocrx_word' id='word_1_157' title='bbox 413 1717 561 1763; x_wconf 81' lang='lat' dir='ltr'>abesse3</span> <span class='ocrx_word' id='word_1_158' title='bbox 593 1717 658 1753; x_wconf 91' lang='lat' dir='ltr'>sed</span> <span class='ocrx_word' id='word_1_159' title='bbox 687 1716 786 1754; x_wconf 76' lang='lat' dir='ltr'>nihil</span> <span class='ocrx_word' id='word_1_160' title='bbox 812 1730 1041 1766; x_wconf 83' lang='lat' dir='ltr'>magnopere</span> <span class='ocrx_word' id='word_1_161' title='bbox 1072 1718 1199 1763; x_wconf 89' lang='lat' dir='ltr'>officit,</span> <span class='ocrx_word' id='word_1_162' title='bbox 1230 1730 1307 1754; x_wconf 89' lang='lat' dir='ltr'>non</span> 
     </span>
     <span class='ocr_line' id='line_1_22' title="bbox 46 1782 1308 1831; baseline 0.002 -13"><span class='ocrx_word' id='word_1_163' title='bbox 46 1782 167 1830; x_wconf 83' lang='lat' dir='ltr'>magis</span> <span class='ocrx_word' id='word_1_164' title='bbox 186 1795 300 1831; x_wconf 83' lang='lat' dir='ltr'>quam</span> <span class='ocrx_word' id='word_1_165' title='bbox 321 1783 422 1830; x_wconf 82' lang='lat' dir='ltr'>apud</span> <span class='ocrx_word' id='word_1_166' title='bbox 442 1782 668 1820; x_wconf 85' lang='lat' dir='ltr'>Sallustium</span> <span class='ocrx_word' id='word_1_167' title='bbox 687 1795 893 1831; x_wconf 83' lang='lat' dir='ltr'>pronomen</span> <span class='ocrx_word' id='word_1_168' title='bbox 911 1783 998 1831; x_wconf 67' lang='lat' dir='ltr'>Juq.</span> <span class='ocrx_word' id='word_1_169' title='bbox 1018 1786 1051 1820; x_wconf 85' lang='lat'>8.</span> <span class='ocrx_word' id='word_1_170' title='bbox 1074 1787 1112 1820; x_wconf 89' lang='lat' dir='ltr'>et</span> <span class='ocrx_word' id='word_1_171' title='bbox 1132 1787 1206 1828; x_wconf 84' lang='lat'>65.,</span> <span class='ocrx_word' id='word_1_172' title='bbox 1231 1784 1308 1820; x_wconf 87' lang='lat' dir='ltr'>“in</span> 
     </span>
     <span class='ocr_line' id='line_1_23' title="bbox 47 1847 398 1884; baseline -0.003 0"><span class='ocrx_word' id='word_1_173' title='bbox 47 1847 219 1884; x_wconf 82' lang='lat' dir='ltr'>exercitu</span> <span class='ocrx_word' id='word_1_174' title='bbox 237 1847 398 1884; x_wconf 71' lang='lat' dir='ltr'>nostro.’⁷</span> 
     </span>
    </p>
   </div>
   <div class='ocr_carea' id='block_1_10' title="bbox 47 1939 1304 2131">
    <p class='ocr_par' dir='ltr' id='par_1_10' title="bbox 47 1939 1304 2131">
     <span class='ocr_line' id='line_1_24' title="bbox 104 1939 1304 1994; baseline 0.002 -15"><span class='ocrx_word' id='word_1_175' title='bbox 104 1964 160 1970; x_wconf 88' lang='lat'><strong>—</strong></span> <span class='ocrx_word' id='word_1_176' title='bbox 182 1941 248 1981; x_wconf 83' lang='lat'>29.</span> <span class='ocrx_word' id='word_1_177' title='bbox 274 1943 312 1979; x_wconf 85' lang='lat'>2.</span> <span class='ocrx_word' id='word_1_178' title='bbox 346 1946 373 1964; x_wconf 85' lang='lat'>“</span> <span class='ocrx_word' id='word_1_179' title='bbox 389 1939 463 1980; x_wconf 86' lang='lat' dir='ltr'>sed</span> <span class='ocrx_word' id='word_1_180' title='bbox 490 1941 638 1981; x_wconf 87' lang='lat' dir='ltr'>urbem</span> <span class='ocrx_word' id='word_1_181' title='bbox 664 1940 792 1981; x_wconf 88' lang='lat' dir='ltr'>etiam</span> <span class='ocrx_word' id='word_1_182' title='bbox 819 1939 1053 1994; x_wconf 86' lang='lat' dir='ltr'>proximam</span> <span class='ocrx_word' id='word_1_183' title='bbox 1074 1940 1304 1982; x_wconf 75' lang='lat' dir='ltr'>Afrorum*</span> 
     </span>
     <span class='ocr_line' id='line_1_25' title="bbox 47 2009 586 2064; baseline -0.002 -14"><span class='ocrx_word' id='word_1_184' title='bbox 47 2009 146 2051; x_wconf 90' lang='lat' dir='ltr'>satis</span> <span class='ocrx_word' id='word_1_185' title='bbox 167 2009 411 2064; x_wconf 85' lang='lat' dir='ltr'>opulentam</span> <span class='ocrx_word' id='word_1_186' title='bbox 433 2009 586 2064; x_wconf 87' lang='lat' dir='ltr'>cepit.”</span> 
     </span>
     <span class='ocr_line' id='line_1_26' title="bbox 99 2093 1303 2131; baseline 0 -1"><span class='ocrx_word' id='word_1_187' title='bbox 99 2095 124 2118; x_wconf 63' lang='lat' dir='ltr'>&#39;&#39;s-</span> <span class='ocrx_word' id='word_1_188' title='bbox 142 2094 248 2131; x_wconf 84' lang='lat' dir='ltr'>Fort.</span> <span class='ocrx_word' id='word_1_189' title='bbox 277 2096 365 2130; x_wconf 78' lang='lat' dir='ltr'>ante</span> <span class='ocrx_word' id='word_1_190' title='bbox 393 2094 486 2130; x_wconf 69' lang='lat' dir='ltr'>satis</span> <span class='ocrx_word' id='word_1_191' title='bbox 514 2093 658 2130; x_wconf 79' lang='lat' dir='ltr'>excidit</span> <span class='ocrx_word' id='word_1_192' title='bbox 682 2106 820 2131; x_wconf 88' lang='lat' dir='ltr'>nomen</span> <span class='ocrx_word' id='word_1_193' title='bbox 847 2094 952 2131; x_wconf 86' lang='lat' dir='ltr'>urbis</span> <span class='ocrx_word' id='word_1_194' title='bbox 985 2093 1195 2131; x_wconf 76' lang='lat' dir='ltr'>Salaecam:</span> <span class='ocrx_word' id='word_1_195' title='bbox 1225 2094 1303 2131; x_wconf 79' lang='lat' dir='ltr'>vid.</span> 
     </span>
    </p>
   </div>
   <div class='ocr_carea' id='block_1_11' title="bbox 49 2159 551 2196">
    <p class='ocr_par' dir='ltr' id='par_1_11' title="bbox 49 2159 551 2196">
     <span class='ocr_line' id='line_1_27' title="bbox 49 2159 551 2196; baseline -0.002 0"><span class='ocrx_word' id='word_1_196' title='bbox 49 2159 211 2196; x_wconf 90' lang='lat' dir='ltr'>Gronov.</span> <span class='ocrx_word' id='word_1_197' title='bbox 234 2159 282 2196; x_wconf 83' lang='lat' dir='ltr'>ad</span> <span class='ocrx_word' id='word_1_198' title='bbox 301 2162 362 2196; x_wconf 78' lang='lat'>34.</span> <span class='ocrx_word' id='word_1_199' title='bbox 386 2163 420 2196; x_wconf 89' lang='lat'>6.</span> <span class='ocrx_word' id='word_1_200' title='bbox 442 2159 551 2196; x_wconf 81' lang='lat' dir='ltr'>infra.</span> 
     </span>
    </p>
   </div>
   <div class='ocr_carea' id='block_1_12' title="bbox 49 2251 1306 2380">
    <p class='ocr_par' dir='ltr' id='par_1_12' title="bbox 49 2251 1306 2380">
     <span class='ocr_line' id='line_1_28' title="bbox 107 2251 1306 2307; baseline 0.001 -15"><span class='ocrx_word' id='word_1_201' title='bbox 107 2267 217 2292; x_wconf 83' lang='lat' dir='ltr'>xxx.</span> <span class='ocrx_word' id='word_1_202' title='bbox 241 2256 308 2294; x_wconf 83' lang='lat'>20.</span> <span class='ocrx_word' id='word_1_203' title='bbox 334 2256 374 2293; x_wconf 87' lang='lat'>3.</span> <span class='ocrx_word' id='word_1_204' title='bbox 409 2251 573 2293; x_wconf 84' lang='lat' dir='ltr'>“Vicit</span> <span class='ocrx_word' id='word_1_205' title='bbox 603 2266 704 2307; x_wconf 84' lang='lat' dir='ltr'>ergo</span> <span class='ocrx_word' id='word_1_206' title='bbox 727 2251 1012 2294; x_wconf 85' lang='lat' dir='ltr'>Hannibalem</span> <span class='ocrx_word' id='word_1_207' title='bbox 1035 2284 1043 2293; x_wconf 93' lang='lat'>.</span> <span class='ocrx_word' id='word_1_208' title='bbox 1070 2283 1080 2293; x_wconf 86' lang='lat'>.</span> <span class='ocrx_word' id='word_1_209' title='bbox 1105 2283 1113 2293; x_wconf 94' lang='lat'>.</span> <span class='ocrx_word' id='word_1_210' title='bbox 1137 2259 1306 2295; x_wconf 88' lang='lat' dir='ltr'>senatus</span> 
     </span>
     <span class='ocr_line' id='line_1_29' title="bbox 49 2322 1128 2380; baseline -0.002 -15"><span class='ocrx_word' id='word_1_211' title='bbox 49 2322 408 2380; x_wconf 83' lang='lat' dir='ltr'>Carthaginiensis</span> <span class='ocrx_word' id='word_1_212' title='bbox 429 2322 762 2365; x_wconf 74' lang='lat' dir='ltr'>obtrectatione*</span> <span class='ocrx_word' id='word_1_213' title='bbox 784 2329 912 2378; x_wconf 85' lang='lat' dir='ltr'>atque</span> <span class='ocrx_word' id='word_1_214' title='bbox 933 2323 1128 2366; x_wconf 87' lang='lat' dir='ltr'>invidia.’&#39;</span> 
     </span>
    </p>
   </div>
  </div>
 </body>
</html>
