1490 2588
142 128 189 161 28
621 124 914 162 HANNIBAL.

139 227 316 270 hiemem
345 228 470 269 istam
493 228 535 268 in
557 228 702 269 castris
723 235 819 270 ante
841 227 1072 270 Casilinum
1093 229 1291 284 exegisse,
1313 229 1382 271 alii

141 320 267 368 atque
287 313 357 354 alii
378 312 554 354 subinde
575 312 683 368 parti
704 312 884 354 militum
903 314 1090 368 Capuam
1110 314 1291 357 adeundi
1305 315 1380 357 ibi-

140 412 222 452 que
243 396 522 438 hibernaculis
543 396 690 438 utendi
710 396 831 437 venia
851 396 958 437 data.

197 480 262 520 At
283 479 392 520 enim
414 479 600 534 plerique
622 479 768 521 scortis
795 479 987 534 impliciti
1011 479 1215 521 exierunt.
1277 481 1383 523 Sane

140 577 224 604 non
246 562 421 604 arbitror
442 562 725 618 egredientem
740 577 791 604 ex
804 562 987 604 hibernis
1004 563 1251 605 Hannibalis
1272 579 1384 606 exer-

139 650 269 691 citum
291 664 340 691 eo
360 650 562 691 comitatu
582 649 774 699 caruisse,
798 664 881 703 quo
901 649 1041 690 nullus
1057 664 1254 704 umquam
1269 665 1384 692 exer-

139 733 245 774 citus
267 733 412 782 caruit,
436 732 576 774 nullus
603 732 723 774 facile
755 732 923 774 carebit.
986 733 1082 782 Sed,
1104 748 1234 788 quum
1257 734 1385 775 tradit

140 815 298 864 Livius,
327 815 546 870 plerosque
578 816 826 857 Hannibalis
853 816 1006 857 milites
1034 816 1154 857 istius
1175 817 1288 859 modi
1308 817 1385 858 im-

139 899 426 954 pedimentum
459 899 777 946 circumtulisse,
814 907 955 954 aperte
983 899 1026 939 in
1058 899 1230 941 nimium
1263 908 1385 942 aucta

140 999 205 1025 res
227 990 305 1026 est.
366 983 563 1025 Profecto
584 984 843 1038 exspectavit
865 983 1014 1025 Livius
1031 984 1153 1025 nimis
1173 984 1313 1026 faciles
1334 985 1386 1026 ad

141 1066 394 1108 credendum
413 1081 532 1121 posse
554 1082 597 1108 se
618 1067 792 1108 lectores
813 1067 976 1108 habere.

199 1149 329 1191 Adde
361 1150 474 1205 quod
496 1150 718 1204 quotannis
746 1149 954 1191 exercitus
981 1149 1227 1190 Hannibalis
1247 1149 1386 1204 aliqua

139 1249 194 1275 ex
209 1241 326 1289 parte
346 1235 587 1276 mutabatur
607 1240 650 1275 et
664 1233 768 1275 alius
790 1233 929 1283 fiebat,
954 1240 1045 1274 tum
1061 1233 1300 1275 necessariis
1320 1241 1383 1275 at-

141 1318 382 1359 tritionibus
403 1318 515 1368 belli,
550 1325 639 1359 tum
669 1317 888 1372 aliquoties
913 1317 1039 1359 etiam
1069 1317 1386 1359 transitionibus

142 1402 194 1442 ad
214 1402 355 1443 hostes
375 1402 495 1443 factis
526 1401 769 1443 debilitatus
799 1408 842 1442 et
864 1401 1041 1443 subinde
1070 1401 1188 1442 novis
1217 1401 1388 1442 accessi-

143 1485 290 1527 onibus
311 1493 473 1526 auctus.
535 1486 678 1539 Quota
698 1501 791 1540 pars
815 1483 1042 1527 Cannensis
1064 1485 1272 1527 exercitus
1293 1481 1388 1539 pOst

143 1584 296 1625 paucos
317 1585 446 1611 annos
470 1570 697 1612 Hannibali
724 1579 937 1624 supererat
950 1571 970 1610 ’.Ρ
1022 1569 1143 1622 Quae
1163 1583 1263 1624 ergo
1283 1569 1388 1610 ratio

144 1660 208 1695 est
239 1654 441 1695 affirmare
470 1669 541 1708 per
572 1660 637 1695 tot
672 1668 805 1695 annos.
830 1653 966 1694 labem
1000 1653 1119 1694 istius
1151 1653 1387 1707 Campanae

144 1737 292 1779 hiemis
324 1737 378 1789 (si
416 1738 540 1779 modo
571 1738 651 1779 fuit
680 1737 793 1779 labes
823 1737 962 1791 aliqua
993 1737 1160 1791 Capuae
1198 1739 1385 1791 accepta)

146 1821 331 1876 potuisse
353 1821 557 1864 exercitui
587 1821 831 1863 Hannibalis
860 1820 1114 1862 adhaerere?
1165 1819 1262 1860 Nisi
1281 1819 1387 1861 forte

146 1904 239 1959 quis
265 1904 389 1954 dicat,
412 1920 434 1946 a
455 1905 661 1946 veteranis
693 1904 983 1960 contagionem
1010 1903 1144 1945 morbi
1175 1904 1228 1944 ad
1258 1917 1387 1944 novos

145 2002 331 2042 quosque
362 2003 635 2043 permanasse,
677 1988 836 2029 nullam
873 1987 1153 2029 Hannibalem
1193 1986 1386 2028 medendi

144 2080 276 2112 artem
297 2071 472 2112 novisse.

203 2153 302 2194 Alia
331 2169 431 2208 ergo
462 2169 583 2196 causa
613 2154 848 2208 quaerenda
877 2161 954 2203 est,
986 2169 1060 2196 cur
1090 2168 1173 2194 non
1202 2152 1384 2207 potuerit

145 2237 355 2280 Hannibal
376 2245 470 2293 post
492 2239 750 2280 Cannensem
778 2254 963 2294 pugnam
982 2236 1233 2280 continuatis
1257 2237 1384 2277 tantis

143 2321 329 2363 victoriis
359 2321 436 2371 uti,
467 2337 592 2376 quam
612 2323 861 2378 figmentum
887 2322 1001 2364 istud
1026 2328 1242 2376 corruptae
1263 2320 1381 2362 disci-
